3030 5266
735 599 773 661 68
795 631 834 642 -

193 710 197 718 ¹
270 732 315 808 Ut
337 731 460 807 ceteris
490 733 656 806 Plautinis
680 733 845 830 personis,
874 733 923 806 sio
945 731 1222 807 adolescentibus
1248 735 1291 808 ad

221 855 566 931 verisimilitudinem
584 856 810 955 depingendis
823 865 924 931 nocet
938 856 1051 953 ipsum
1064 857 1177 931 Plauti
1196 856 1292 957 iuge·

221 981 333 1070 nium,
365 982 536 1078 petulans,
566 982 796 1068 concitatum,
827 1004 936 1079 usque
965 981 1008 1055 ad
1035 981 1156 1056 vitium
1184 981 1291 1056 luxu-

220 1105 325 1180 rians.
359 1108 477 1196 Quum
504 1115 660 1204 oporteat
688 1129 758 1198 eoS,
785 1107 976 1181 secundum
1000 1114 1130 1181 rectam
1160 1115 1287 1199 artem,

112 1314 115 1325 Ι
219 1254 319 1304 suam
337 1254 410 1307 rem
426 1255 542 1331 agere,
562 1231 666 1306 verba
687 1231 749 1305 sibi
770 1241 904 1307 tantum
924 1231 1164 1307 convenientia
1177 1233 1287 1330 loqui,

219 1378 311 1452 saepe
332 1356 464 1430 subitus
483 1365 518 1431 et
541 1357 747 1453 improvisus
770 1357 1001 1432 interveniens
1025 1361 1291 1454 poeta'sermo-

220 1505 314 1575 netu,
340 1505 443 1579 quern
471 1482 613 1573 habent,
640 1483 779 1579 excipit,
798 1491 832 1558 et
855 1505 916 1557 suo
941 1482 1109 1556 arbitratu
1130 1484 1287 1582 peragit;

218 1631 273 1698 ea,
295 1633 373 1706 quae
390 1609 554 1699 sentiunt,
572 1617 630 1682 aut
650 1607 841 1706 amplificat
853 1609 1030 1708 etlongius
1044 1609 1288 1701 circumducit,

218 1742 279 1808 aut
300 1734 443 1822 excutit,
470 1734 592 1831 carpit,
617 1734 750 1823 irridet,
776 1743 837 1809 aut
862 1737 973 1809 omnis
1000 1734 1135 1833 generis
1157 1732 1290 1809 facetiis

219 1859 336 1933 turbat
360 1868 395 1934 ct
414 1858 584 1934 exhilarat
609 1858 674 1957 (l).
702 1859 786 1934 lude
812 1858 852 1933 fit
875 1868 914 1934 ut
942 1859 1125 1934 dissolutus
1154 1868 1292 1934 amator

218 1986 385 2082 sapientia
404 1986 637 2082 inexspectata
655 1984 838 2076 redundet,
856 2008 877 2058 a
896 2009 955 2082 spe
984 1985 1166 2060 destitutus
1191 1985 1292 2085 jocos

216 2121 252 2187 et
282 2112 427 2209 ineptias
448 2111 601 2186 effundat
622 2120 726 2208 atque
752 2111 916 2207 patiatur,
950 2111 1055 2185 iratus
1077 2134 1177 2185 suam
1200 2111 1289 2185 iram

218 2237 291 2332 ipse
309 2236 502 2311 cavilletur.
592 2329 596 2336 ι

266 2362 327 2436 Sui
353 2361 482 2460 ingenii
509 2360 714 2436 lascivientis
744 2361 913 2458 impetum
938 2362 1079 2435 Plautus
1109 2362 1224 2436 nescio
1244 2386 1289 2436 an

219 2488 343 2584 sapius
367 2486 539 2578 cohibeat,
569 2486 633 2559 nisi
662 2485 753 2559 hanc
777 2486 912 2560 insitam
935 2486 1111 2560 lasciviam
1135 2487 1290 2562 stimulet

219 2621 322 2711 atque
336 2620 461 2710 augeat
486 2612 559 2706 ipsa
580 2612 682 2710 vulgo
704 2610 862 2708 placendi
884 2612 1091 2687 necessitas:
1110 2636 1190 2710 quae
1210 2614 1290 2710 qui-

219 2738 298 2812 dem
313 2739 389 2837 jani
408 2744 530 2834 sponte
544 2736 697 2810 currenti
717 2736 824 2828 addit,
845 2745 882 2810 ut
905 2737 953 2810 ita
972 2737 1099 2827 dicam,
1117 2737 1282 2812 calcaria.

218 2866 333 2953 Quum
358 2863 550 2961 prasertim
577 2885 596 2937 e
622 2863 724 2961 vulgo
754 2862 904 2958 pendeat
928 2871 1046 2935 utruni
1069 2890 1086 2930 «
1108 2862 1222 2957 cadat,
1239 2886 1287 2937 an

220 2997 314 3064 recto
329 2997 393 3063 stet
408 2988 525 3064 fabula
538 2990 606 3063 talo
623 3014 641 3059 i>
659 2989 720 3084 (ἢ),
737 2995 836 3063 cavet
852 2994 955 3084 poeta
968 3011 1013 3062 ne
1028 2987 1120 3086 vulgi
1140 2988 1286 3062 taediuvu

221 3127 368 3215 moveat,
399 3123 436 3188 ut
464 3115 523 3211 qui
545 3114 624 3188 velit
656 3137 735 3186 suas
765 3112 902 3186 fabulas
928 3113 1193 3203 inveterascere,
1227 3123 1290 3187 aut

220 3240 340 3314 saltem
372 3261 482 3335 usque
509 3236 683 3312 adfinem
713 3239 872 3334 spectari.
907 3238 985 3310 Alia
1011 3246 1127 3312 autem
1162 3238 1289 3334 probat

221 3364 358 3439 auditor
378 3362 545 3453 eruditus,
569 3362 635 3436 alia
658 3362 809 3460 ignarus.
831 3364 1016 3459 Postquam
1035 3362 1284 3438 alteriusbono

218 3490 349 3589 judicio
386 3489 552 3585 placitura
580 3488 723 3560 Plautus
757 3486 905 3585 scripsit,
938 3510 979 3561 ea
1013 3486 1171 3586 largitur,
1205 3510 1285 3579 nec,

224 3615 368 3708 ut-dixi,
404 3613 543 3703 invituS,
578 3635 667 3687 vena
700 3611 849 3702 favente,
883 3612 1009 3709 quibus
1035 3613 1175 3687 alterius
1207 3636 1286 3688 rus-

224 3741 334 3814 ticitas
378 3739 585 3824 delectetur,
625 3747 728 3835 atque
761 3738 888 3828 etiaur,
932 3739 1067 3835 quoties
1105 3739 1285 3835 expediat,

222 3866 400 3940 doceatur.
428 3864 512 3939 lude
537 3886 579 3938 ea
598 3863 718 3952 nimia,
746 3862 920 3953 indecora,
952 3863 1082 3960 inepta,
1108 3872 1287 3960 proterva,

223 3991 341 4064 omnia
364 3990 407 4064 ad
435 4011 607 4064 summam
629 4011 769 4062 caveam
795 3988 995 4086 spectantia.
1239 3987 1243 4000 '

254 4225 287 4288 (ι)
305 4223 365 4273 lide
387 4221 510 4272 Boissier:
526 4218 652 4286 Quomodo
672 4219 767 4273 Groecor
784 4222 872 4285 poetas
892 4220 999 4270 Plautus
1021 4219 1198 4272 transtulerit?
1218 4224 1291 4273 Pari-

221 4307 274 4364 siis,
288 4303 367 4364 18573
384 4301 489 4354 Journal
503 4302 604 4367 penerel
617 4302 648 4352 de
663 4301 829 4352 l'inatruction
841 4300 965 4365 pullique,
980 4301 1029 4350 mai
1044 4298 1114 4350 1859.

254 4385 288 4450 ld)
306 4386 376 4444 llor.,
390 4382 448 4447 Ep..
463 4383 494 4441 ll,
508 4382 531 4431 l.
