3030 5266
689 565 725 577 -
745 531 787 593 39
809 565 841 576 -

233 664 395 739 tationem
412 663 598 740 descendit.
618 663 888 740 Adduhitantem
907 674 941 740 et
963 675 1156 741 morantem
1176 669 1298 742 Getam

231 789 332 863 simul
347 813 388 864 ao
402 791 650 887 Antiphonem,
661 813 763 865 suum
775 791 979 887 patruelem,
995 792 1216 888 interpellans
1230 793 1297 866 hoc

231 922 367 988 tantum
386 916 490 990 rerho
504 925 665 1013 precatur
677 916 731 990 vel
745 916 860 1013 potius
874 915 992 991 leviter
1007 917 1163 1014 increpat
1180 942 1189 989 :

374 1181 465 1247 Quid?
479 1200 531 1258 ego
544 1183 632 1253 vobis,
648 1183 725 1253 Geta,
742 1182 847 1240 alienus
862 1200 923 1239 sum
938 1183 1000 1255 (tlt

278 1436 369 1510 Nihil
400 1437 434 1510 in
465 1437 531 1512 hoc
558 1437 773 1515 adolescente
795 1434 1017 1530 indecorum,
1039 1439 1126 1514 nihil
1152 1440 1296 1516 ridicule

229 1562 466 1637 immodicum.
484 1563 588 1637 Dolor
614 1564 700 1662 ejus,
727 1564 779 1638 vel
802 1588 898 1661 spem
923 1587 1061 1640 omnem
1087 1566 1293 1664 abjicientis,

228 1713 296 1763 non
315 1690 349 1762 in
371 1712 504 1764 meram
528 1689 699 1763 insaniam
721 1699 889 1779 mutatur,
913 1714 980 1765 non
1004 1692 1157 1791 gladium
1181 1691 1295 1767 educit
1400 1788 1405 1798 ι

227 1839 308 1890 mox
327 1816 544 1890 incruentum
561 1816 596 1889 in
610 1816 767 1914 vaginam
782 1816 996 1911 rediturum3
1013 1817 1123 1892 tristia
1136 1817 1291 1916 quidem,

227 1965 295 2016 non
310 1944 436 2040 inepta,
453 1941 593 2017 consilia
607 1942 725 2040 agitat,
742 1941 786 2015 ad
800 1942 936 2015 irritum
948 1943 1021 2016 sine
1036 1942 1141 2018 dubio
1156 1967 1292 2034 casura,

226 2067 283 2142 sed
321 2091 400 2165 qua
428 2091 520 2165 agro
551 2069 662 2142 amori
695 2068 851 2166 placeant
884 2077 920 2142 et
954 2067 1083 2164 aliquid
1115 2069 1293 2142 levationis

225 2192 383 2268 atterant.
402 2196 460 2267 Est
475 2193 533 2267 ubi
548 2217 687 2292 quoque
702 2193 825 2289 sapiat,
844 2193 902 2267 sed
921 2192 1072 2268 breviter
1085 2203 1120 2269 et
1138 2201 1291 2292 tempes-

225 2321 306 2417 tive,
327 2343 454 2418 nempe
473 2345 581 2418 quom
606 2319 749 2394 avaritia
779 2319 913 2393 lenonis
935 2320 979 2393 ah
1004 2320 1118 2394 amica
1142 2329 1293 2395 semotus

226 2447 458 2545 Antiphonem
470 2447 561 2522 videt
571 2445 658 2519 fidos
670 2454 705 2519 et
716 2466 854 2518 securos
867 2469 1002 2521 amores
1011 2445 1197 2521 foventem.
1212 2447 1292 2520 Suae

224 2597 306 2648 eum
332 2573 479 2647 miserim
504 2574 583 2646 vitae
603 2570 753 2645 melioris
778 2569 978 2659 admonent,
1009 2580 1043 2646 et
1065 2572 1095 2645 ei
1119 2581 1291 2670 precepta

224 2699 412 2798 subjiciunt
424 2723 502 2796 quae
518 2699 615 2772 valde
630 2699 736 2774 timeo
756 2722 800 2774 ne
815 2699 888 2772 sine
910 2699 981 2772 ullo
1009 2696 1144 2787 effectu,
1167 2698 1291 2775 lenone

225 2833 499 2913 mansuescente,
521 2823 731 2913 dilabantur,
762 2825 920 2898 animum
936 2833 1053 2898 tamen
1072 2822 1286 2898 laborantem

224 2952 383 3039 deceant,
399 2962 433 3024 et
448 2950 574 3023 honam
591 2947 742 3022 indolem
758 2949 812 3022 vel
825 2948 981 3022 moribus
999 2949 1129 3023 lascivis
1150 2948 1287 3023 subesse

223 3075 430 3175 significent.

271 3202 437 3276 Chremes
458 3201 493 3273 in
510 3195 899 3275 Heautontimorumeno
909 3224 1010 3274 suurn
1026 3199 1136 3273 filium
1151 3199 1290 3275 luxuria

222 3335 256 3400 et
278 3326 417 3400 lascivia
442 3325 599 3401 diffluere
625 3326 795 3425 queritur,
827 3349 890 3400 nec
914 3325 1069 3422 pessimis
1093 3303 1290 3401 nominihus

221 3474 380 3548 parcens,
396 3474 478 3524 eum
495 3452 693 3537 helnonem,
710 3473 918 3548 ganeonem,
938 3450 1144 3525 damnosum
1161 3459 1260 3525 vocat
1277 3478 1286 3526 :

223 3565 290 3649 noli
310 3585 428 3649 autem
443 3575 549 3672 patris
572 3576 649 3649 irati
663 3576 777 3650 verbis
800 3576 944 3648 nimiam
964 3576 1069 3649 fidem
1095 3575 1237 3666 habere,
1254 3586 1287 3652 et

222 3703 314 3776 disce
331 3701 496 3799 ganeonis
508 3701 704 3774 Terentiani
717 3724 829 3774 mores
843 3701 944 3774 venia
958 3702 1070 3798 potius
1088 3725 1194 3797 quam
1209 3703 1288 3778 odio

223 3826 344 3925 dignos
363 3850 449 3901 esse.
471 3827 637 3923 Voluptas
654 3828 748 3900 eninr
770 3827 999 3924 Clitiphonem
1026 3827 1153 3917 allexit,
1178 3829 1287 3903 allec-

198 3959 297 4023 ·tum
326 3951 468 4036 detinet,
498 3936 638 4024 nonita
663 3962 778 4025 tamen
803 3960 840 4024 ut
867 3975 989 4025 sanum
1012 3952 1087 4049 ejus
1111 3953 1287 4050 ingenium

223 4075 365 4150 omnino
381 4077 589 4174 corruperit:
608 4076 785 4150 Bacchidis
799 4076 905 4164 enim,
929 4077 1028 4174 cujus
1042 4079 1288 4176 l'ormacaptos

253 4340 287 4406 (ll
305 4341 431 4403 Phormio,
446 4344 489 4405 lll,
503 4342 522 4391 9.
621 4377 625 4383 -
