3030 5266
672 560 831 622 ..53-

219 695 390 771 Bacchide
430 694 686 771 consuetudinis
717 696 864 769 incusari
897 719 1003 792 quam
1034 695 1139 772 fidem
1169 697 1285 773 datam

220 820 338 896 fallere
367 829 401 895 et
434 821 549 895 uxoris
579 819 888 918 lamamludihrio
912 820 1059 895 tradere.
1078 821 1137 895 lta
1162 823 1285 900 misere

220 947 423 1044 impeditum
449 947 586 1044 expedit
610 948 682 1045 ipsa
705 946 961 1044 Bacchisque
984 969 1051 1021 non
1080 947 1183 1023 modo
1204 973 1285 1024 cunr

220 1072 263 1147 ah
280 1072 398 1169 iniqua
413 1073 606 1170 suspicione
626 1071 789 1163 vindicat,
804 1073 864 1146 sed
879 1047 984 1147 etiam
1003 1081 1095 1148 certa
1110 1073 1141 1148 61
1156 1075 1288 1172 praehet

220 1196 942 1295 indiciaquihuscompertumhaheatsuam
954 1220 1095 1273 uxorem
1110 1201 1287 1275 nonaliam

220 1346 292 1399 esse
311 1345 416 1419 quam
429 1323 596 1422 virginem
615 1324 699 1397 olim
715 1346 736 1396 a
750 1346 786 1398 sc
808 1323 974 1412 vitiatam,
997 1333 1031 1398 et
1053 1324 1116 1398 sihi
1140 1349 1285 1422 puerum

217 1448 362 1545 justiore
395 1471 496 1546 quam
529 1448 673 1544 putabat
702 1457 858 1545 tempore
880 1457 996 1523 natum
1026 1472 1111 1525 esse.
1138 1451 1286 1525 hllatnm

221 1582 292 1646 tarn
307 1583 499 1670 opportune
514 1574 680 1661 auxilium
695 1575 866 1648 meretrici
881 1583 974 1649 certe
987 1574 1078 1648 laudi
1094 1582 1158 1664 est,
1180 1574 1238 1649 sed
1255 1582 1290 1650 et

222 1699 286 1797 ipsi
307 1699 486 1796 Pamphilo
504 1723 512 1772 :
531 1699 658 1796 quippe
674 1698 772 1796 cujus
786 1709 970 1786 venustum
983 1699 1161 1797 ingenium
1177 1700 1288 1775 amica

221 1824 487 1922 senseritatque
498 1825 601 1898 etiam
611 1824 747 1899 deserta
757 1832 827 1898 tam
838 1834 936 1922 grato
946 1824 1063 1898 animo
1073 1824 1284 1917 meminerit,

223 1956 260 2021 ut
274 1969 353 2045 eum
367 1947 552 2045 adjuvandi
567 1971 674 2044 quam
687 1947 834 2044 primam
852 1947 1069 2022 occasionem
1086 1947 1285 2045 arripuerit.

221 2076 270 2148 lta
282 2073 467 2148 vehemens
481 2073 557 2171 ejus
570 2096 653 2171 erga
663 2072 882 2169 Pamphilum
895 2071 1046 2146 studium
1059 2081 1122 2158 est,
1137 2082 1174 2146 61
1190 2095 1287 2170 pane

214 2199 407 2274 timeamus
418 2221 461 2274 ne
474 2207 628 2273 servatus
638 2196 836 2272 adolescens
847 2196 1130 2271 helleeservatrici
1145 2197 1286 2272 nimiam

221 2324 368 2424 gratiam
386 2322 524 2414 referat,
555 2324 617 2397 nisi
639 2323 787 2399 Terentii
816 2323 992 2422 ingenium
1010 2323 1103 2398 circa
1123 2346 1175 2398 res
1196 2324 1288 2421 peri-

222 2451 359 2525 culosas
381 2450 488 2525 soleat
512 2451 656 2549 impune
686 2449 806 2524 ludere
838 2461 873 2523 61
900 2449 962 2522 viis
987 2449 1129 2524 lubricis
1154 2457 1287 2525 rectum
1385 2530 1388 2535 ,
1454 2500 1457 2507 -

223 2575 389 2650 insistere.
424 2574 535 2649 Ambo
557 2573 697 2671 quidem
720 2583 843 2648 mutua
864 2564 905 2650 el
922 2574 1034 2648 vivida
1059 2575 1289 2674 gratulatione

225 2709 379 2791 utuntur,
411 2698 470 2774 sed
498 2698 555 2773 uhi
580 2699 778 2774 adolescens
800 2699 1005 2775 Bacchidem
1021 2699 1084 2772 sihi
1110 2700 1291 2776 blandiora

195 2837 197 2842 ’
224 2825 431 2923 respondere
449 2824 566 2899 ridens
585 2824 745 2914 miratur,
757 2824 827 2916 illa,
842 2824 968 2898 omissa
986 2825 1097 2899 subito
1113 2825 1286 2923 Pamphili

223 2950 336 3040 laude,
358 2949 400 3023 ad
421 2947 1032 3034 1661666166τί6(1661666161166111,
1055 2956 1089 3022 et
1111 2948 1158 3022 ita
1179 2949 1286 3048 signi·

222 3074 351 3150 1166166
364 3075 522 3172 jamnon
543 3075 679 3148 amulae
693 3082 807 3170 partas
821 3082 939 3147 tenere
955 3101 963 3146 :

812 3335 874 3391 Bne.
891 3333 1030 3403 -86166,
1046 3334 1195 3410 Pamphile.

225 3463 307 3518 Plnr.
325 3491 361 3500 —
375 3457 397 3514 0
410 3458 532 3528 Bacchis,
547 3477 562 3516 o
575 3477 637 3517 mea
649 3458 770 3528 Bacchis,
786 3459 919 3514 servatrix
933 3475 1004 3516 mea.

189 3577 191 3581 ⁷
229 3596 290 3654 Bac.
309 3629 345 3638 -
360 3598 431 3653 Bene
446 3597 547 3652 facturn
563 3603 591 3651 et
606 3594 688 3668 volup
704 3600 755 3649 est.

599 3719 683 3776 Pnnr.
700 3751 735 3760 —
750 3717 838 3775 Factis
850 3726 881 3774 ut
893 3718 1003 3774 credam
1016 3715 1092 3784 lacis,

297 3810 495 3885 Antiquamque
510 3808 579 3865 adeo
592 3808 666 3864 16616
682 3814 851 3864 venustatam
865 3805 982 3876 obtines,

294 3901 338 3957 Uti
352 3899 484 3973 voluptati
500 3899 599 3967 obitus,
614 3913 703 3952 sermo
719 3904 790 3964 tuos,
807 3913 861 3968 quo
877 3912 1013 3968 quomque
1028 3893 1182 3964 adveneris,

296 3990 408 4063 Semper
422 3988 466 4046 sit.

227 4116 291 4172 Bac.
306 4147 343 4155 -
357 4115 393 4170 hc
407 4125 437 4172 tu
453 4120 559 4169 ecastor
572 4128 676 4168 morem
691 4111 830 4185 antiquom
845 4118 926 4184 atque
941 4110 1080 4182 ingenium
1098 4109 1216 4177 obtines,

298 4203 329 4260 Ut
342 4221 412 4258 unus
427 4203 546 4259 omnium
561 4202 642 4257 homo
657 4209 684 4257 te
699 4200 769 4257 vivat
782 4218 930 4274 numquam
944 4199 1087 4272 quisquam
1100 4197 1235 4254 hlandior.

231 4328 314 4384 Pnnr.
332 4361 367 4368 -
379 4327 512 4396 Hahahau,
528 4336 576 4383 tun
589 4327 625 4381 mi
640 4327 731 4382 istuc‘?
