3030 5266
679 573 832 635 ..22..

272 718 330 795 llis
343 714 453 792 verlris
465 710 607 796 emissis,
624 710 702 808 quis
715 732 784 784 non
802 709 922 785 audire
932 709 1052 784 credat
1072 710 1300 808 pulchellum

223 840 446 922 liescarillum
467 837 502 911 in
521 836 647 934 inclyta
661 834 909 933 labulaputide
928 835 1123 911 dieentem‘l
1137 838 1168 910 ls
1182 860 1298 912 ama-

222 980 287 1059 tor,
324 966 381 1065 qui
416 963 555 1060 speculo
592 960 731 1045 invidet,
765 983 907 1050 mensae,
946 962 1000 1036 cui
1039 961 1296 1037 Philematium

220 1090 404 1179 acorvmbit,
431 1086 692 1165 Callidamatem
711 1085 977 1177 adolescentem,
1003 1087 1082 1162 vino
1113 1110 1291 1180 mersum,

220 1240 347 1296 novum
368 1213 548 1291 convivam
569 1210 736 1287 adhibere
752 1213 909 1303 sustinet,
930 1222 962 1286 et
980 1212 1102 1288 eodem
1128 1222 1293 1308 tempore

219 1369 286 1445 quo
306 1340 472 1419 sermonis
491 1338 654 1414 eximiam
677 1339 897 1437 elegantiam,
921 1349 958 1412 ut
979 1339 1128 1413 amicam
1149 1339 1290 1430 laudet,

218 1477 345 1569 captat,
366 1468 399 1540 in
417 1473 564 1563 patrem,
579 1472 678 1538 atrox
694 1462 797 1552 filius,
815 1463 957 1563 indigna
971 1473 1050 1540 vota
1064 1462 1143 1538 facit
1161 1489 1169 1538 :

291 1681 395 1740 Utinam
408 1694 484 1732 vnctvs
496 1693 566 1732 nunc
578 1684 699 1733 mortuos
711 1685 789 1752 pater
801 1678 835 1733 ad
849 1696 892 1734 me
906 1680 1055 1748 nuntietur,

288 1771 321 1828 llt
335 1784 387 1842 ego
399 1765 563 1823 exheredem
576 1766 645 1822 meis
658 1767 736 1822 honis
750 1784 792 1821 ure
806 1767 902 1824 faciam
915 1776 996 1842 atrpve
1009 1769 1067 1825 haec
1085 1769 1120 1827 sit
1138 1769 1220 1825 liores
1235 1773 1259 1840 (l
1268 1775 1289 1841 ).

267 1941 504 2044 Agorastocles
530 1941 562 2012 in
592 1940 734 2014 Parvula
768 1942 890 2015 miram
921 1966 1058 2018 ntorum
1091 1944 1289 2020 castitatem

218 2071 355 2149 allectat
367 2096 376 2158 ;
397 2065 558 2164 adspecta
579 2065 686 2152 enim,
707 2091 812 2165 quam
830 2076 936 2161 amat,
956 2068 1177 2167 Adelphasia
1196 2072 1291 2146 sub-

216 2195 300 2274 sistit
320 2193 453 2293 procul,
469 2199 503 2267 et
523 2194 693 2268 Venerem
718 2216 737 2268 e
760 2195 848 2269 coelo
864 2194 1061 2293 migravisse
1082 2205 1189 2284 ratus,
1213 2219 1287 2272 non

218 2322 287 2399 alia
313 2318 535 2395 veneratione
569 2319 787 2417 prosequitur
819 2343 860 2395 ao
894 2319 1016 2410 deam;
1038 2345 1117 2396 suos
1147 2331 1288 2398 tantum

217 2445 333 2524 oculos
361 2443 436 2542 ejus
464 2443 731 2541 pulchritudine,
766 2468 867 2519 aures
899 2468 1056 2522 sermone
1081 2447 1202 2539 satiat·
1219 2471 1289 2525 nec

217 2571 329 2673 plura,
348 2577 504 2665 stupente
523 2591 621 2643 servo
637 2570 836 2666 Milphione‚
858 2571 1053 2646 desiderare
1075 2572 1219 2648 videtur.
1238 2575 1288 2650 Ut

217 2693 409 2774 Philematii
426 2694 651 2783 Philolaches,
674 2695 723 2768 sio
743 2695 938 2792 Adelphasii
958 2699 1195 2794 Agorastocles
1223 2700 1288 2774 ho-

220 2830 349 2899 nestam
368 2828 402 2895 et
416 2820 624 2895 concinnam
639 2821 831 2896 orationem
851 2823 1056 2913 admiratur,
1073 2835 1108 2898 et
1129 2823 1286 2900 vividum

217 2965 371 3022 amorem
406 2950 440 3016 et
471 2942 588 3040 jocos,
622 2944 741 3041 paucis
770 2944 941 3040 exceptis,
972 2956 1133 3019 venustos
1168 2946 1288 3044 lepide

220 3068 336 3147 miscet
351 3093 359 3141 :

218 3283 336 3340 dnntru.
351 3278 494 3334 -lnvidia
505 3278 534 3334 in
546 3297 589 3336 rne
603 3281 879 3353 ruunquarninnatast
892 3299 979 3357 neque
992 3285 1104 3355 malitia,
1118 3305 1179 3343 rrrea
1190 3304 1281 3346 soror.

291 3371 362 3427 llono
376 3367 421 3425 me
431 3368 542 3441 ingenio
555 3373 750 3426 esse'ornetam
763 3389 844 3445 quam
858 3389 924 3429 auro
938 3374 1023 3432 rnulto
1039 3376 1154 3434 mavolo.

288 3463 389 3516 durum
403 3459 430 3514 in
443 3458 549 3515 fortuna
564 3460 708 3529 invenitur,
725 3471 821 3519 natura
836 3463 974 3537 ingenium
990 3466 1101 3522 honum.

289 3550 389 3606 Bonam
404 3565 455 3622 ego
471 3567 552 3623 qumn
565 3550 672 3607 beatam
684 3569 727 3606 me
744 3570 805 3610 esse
819 3553 903 3609 nimio
916 3553 969 3610 diei
984 3556 1100 3613 mavolo.
1276 3625 1277 3629 ἵ

288 3637 456 3694 Meretricem
475 3638 606 3712 pudorem
625 3657 721 3713 gerere
740 3641 828 3713 magis
843 3641 919 3698 decet
934 3659 1015 3715 quam
1030 3662 1188 3719 purpuram,

290 3726 429 3801 Magisque
440 3728 612 3784 meretricem
624 3729 755 3802 pudorem
766 3748 847 3804 quarn
858 3748 954 3788 aurum
967 3749 1063 3804 gerere
1074 3734 1214 3793 condecet.

288 3815 412 3871 Pulcrum
427 3822 552 3871 ornatum
569 3823 660 3890 turpes
674 3834 763 3874 mores
779 3819 857 3892 pejus
872 3837 949 3877 coeno
965 3821 1120 3890 conlinunt;
1187 3890 1190 3895 7

288 3902 381 3977 Lepidi
397 3920 487 3960 mores
500 3910 608 3978 turpem
628 3915 752 3962 ornatum
771 3906 849 3964 facile
864 3909 941 3965 factis
957 3911 1133 3983 conprobem.

216 4041 349 4095 dnontsr.
361 4037 459 4093 -ttho
475 4039 520 4094 tu!
536 4039 581 4095 vin
597 4048 626 4095 tu
642 4040 745 4096 lacinus
759 4041 849 4097 facere
864 4043 984 4116 lepidum
997 4053 1024 4100 et
1036 4044 1182 4102 fcstivom‘l

1028 4171 1121 4229 llruru.
1135 4203 1171 4212 -
1183 4171 1259 4231 Volo.

247 4359 279 4423 (l)
298 4359 414 4420 alavart,
432 4364 450 4418 l,
467 4363 488 4415 a.
547 4384 550 4392 ·
