3030 5266
674 579 831 639 „51..

220 734 322 807 qivam
344 712 536 801 vitiaverat,
562 735 702 786 uxorem
731 714 858 788 habere
879 723 1031 804 coactm,
1057 717 1103 789 ita
1127 717 1283 794 Phrone·
1399 752 1402 758 ·

220 837 323 922 sium,
336 860 436 911 suam
449 837 610 929 amicam,
625 839 737 914 valere
747 838 859 937 juhet,
878 848 915 913 ut
928 841 962 912 in
973 840 1076 916 breve
1090 850 1225 940 tempus
1238 843 1284 917 ah

221 984 262 1035 ea
280 961 456 1037 discedere
482 962 651 1054 videatur,
674 963 733 1039 sed
752 965 834 1062 quid
862 988 980 1040 revera
999 967 1151 1042 evenerit
1171 969 1285 1065 potius

221 1088 363 1186 conjicis
390 1112 494 1185 qnam
524 1098 739 1187 compertum
758 1089 878 1164 habes.
902 1092 1005 1165 Plura
1030 1091 1074 1166 de
1103 1093 1286 1191 Pamphilo

221 1214 392 1287 Parmeno
408 1236 525 1287 servus
542 1223 576 1288 et
596 1238 650 1289 res
664 1214 737 1311 ipsa
753 1237 815 1287 nos
831 1215 865 1287 in
881 1215 1016 1311 Hecyra
1030 1217 1164 1292 docent.
1185 1221 1287 1294 Pam-

221 1338 337 1436 philus
355 1363 376 1412 a
395 1348 492 1437 patre
504 1341 624 1438 jussus
644 1341 793 1437 puellam
812 1341 940 1417 ducere
954 1367 1058 1440 quam
1076 1344 1286 1420 nesciebata

221 1487 257 1538 se
272 1463 367 1539 ebrio
377 1466 528 1562 quadam
543 1475 642 1541 nocte
654 1466 815 1541 violatam
828 1466 946 1558 luisse,
964 1468 1102 1545 tandem
1117 1470 1148 1546 ei
1162 1493 1288 1568 parue-¹

223 1598 288 1679 rat,
305 1591 430 1665 invitus
444 1591 666 1688 quidem,sed
681 1615 823 1691 sperans
842 1592 916 1669 lora
933 1603 968 1668 ut
988 1595 1126 1694 nuptias
1141 1596 1287 1674 tolerare

222 1724 335 1812 posset
341 1741 351 1803 ;
369 1739 478 1814 quum
494 1739 575 1792 vero
594 1741 663 1790 suae
679 1717 851 1815 patientia
871 1719 972 1792 nimis
986 1718 1135 1794 conlisus
1153 1719 1285 1811 luisset,

222 1841 361 1915 solitum
390 1864 473 1916 cum
499 1842 611 1917 amica
638 1844 887 1918 commercium
919 1844 1062 1921 minime
1089 1846 1284 1946 interrupit.

223 1967 307 2043 Vide
325 1977 439 2044 tamen
468 1977 505 2043 nt
525 1969 558 2043 in
578 1992 705 2067 magna
724 1974 825 2067 culpa
846 1993 912 2044 non
933 1973 1047 2046 omnis
1067 1996 1130 2048 nec
1148 1975 1191 2049 ad
1212 1974 1287 2048 lon·

223 2119 305 2193 gum
322 2104 458 2193 tempus
468 2096 607 2193 perierit
626 2096 751 2194 pudor,
767 2106 799 2170 et
809 2098 959 2172 Terentii
973 2097 1148 2197 ingenium
1165 2123 1289 2198 pravos

225 2243 338 2297 mores
356 2220 471 2318 aliqua
484 2221 663 2318 superstite
678 2231 739 2296 aut
752 2224 944 2298 renascenti
964 2225 1171 2300 verecundia
1183 2227 1288 2301 corri-
1366 2310 1371 2318 ‚

224 2355 293 2446 gat.
326 2347 442 2420 Prima
465 2355 579 2437 noete,
608 2370 714 2423 uxore
739 2348 881 2423 omnino
902 2348 1089 2425 abstinuit:
1112 2374 1193 2427 enm
1208 2351 1287 2425 audi

224 2495 287 2547 cnr
303 2473 350 2547 ita
365 2496 400 2549 se
419 2476 636 2550 continenter
650 2475 791 2573 gesserit
807 2476 957 2551 vationes
971 2476 1113 2550 dantem
1132 2502 1140 2550 :

416 2693 501 2757 Quam
514 2691 647 2748 decrerim
662 2709 705 2748 me
719 2709 773 2748 non
787 2708 867 2766 posse
883 2692 985 2748 diutius
1030 2764 1032 2768 Ι

367 2781 484 2848 liabere,
498 2799 558 2837 eam
573 2781 691 2838 ludibrio
706 2781 813 2850 haberi,
829 2782 971 2850 Parmeno,

366 2871 436 2936 Quin
448 2871 583 2944 integram
595 2869 688 2927 itidem
704 2870 826 2940 reddam,
842 2877 873 2927 ut
887 2871 980 2945 accepi
994 2872 1028 2928 ab
1040 2871 1108 2939 suis,

367 2961 458 3034 Neque
473 2961 618 3017 honestum
633 2959 700 3016 mihi
716 2977 804 3032 neque
819 2959 886 3015 utile
901 2959 954 3032 ipsi
971 2960 1095 3034 virginist
1110 2961 1160 3033 (l).
1224 3011 1226 3015 ,

274 3147 395 3221 Cetera
408 3156 537 3221 rectam
556 3153 716 3219 naturam
731 3145 883 3241 apertius
897 3142 1084 3218 declarant.
1101 3146 1176 3219 Mox
1193 3143 1287 3220 enim

224 3269 396 3347 Bacchide
411 3279 542 3346 mutata
556 3279 590 3345 et
604 3293 688 3370 erga
702 3277 892 3344 amatorem
905 3269 979 3367 Jam
995 3291 1063 3343 non
1080 3269 1235 3346 caelibem
1252 3293 1288 3344 se

225 3397 406 3493 procacius
426 3405 580 3495 gerente,
608 3418 714 3471 uxore
738 3405 859 3470 contra
881 3394 1102 3485 Philumena,
1129 3395 1287 3493 quamvis

227 3523 397 3620 neglecta,
427 3546 462 3596 se
487 3522 662 3618 pudicam,
689 3520 900 3610 modestam,
925 3528 959 3594 et
985 3518 1116 3595 liberali
1146 3519 1286 3624 ingenio

225 3647 407 3744 praeditam
426 3646 613 3743 praebente,
642 3645 813 3744 Pamphili
835 3646 972 3719 animus
1000 3640 1019 3718 e
1041 3645 1223 3721 meretrice
1245 3645 1287 3720 ad

224 3796 370 3848 uxorem
396 3772 613 3870 commigrat.
631 3780 664 3847 et
690 3794 809 3847 verum
835 3769 1010 3856 allectum,
1035 3792 1102 3844 non
1128 3770 1287 3844 lascivam

227 3896 418 3988 libidinem,
433 3898 504 3996 jam
532 3896 627 3993 sequi
654 3919 689 3972 se
710 3904 867 3985 testatur,
893 3894 1046 3970 officium
1071 3918 1152 3968 cnm
1172 3917 1290 3970 amore

227 4023 453 4122 conjunctum
474 4021 696 4096 libentissime
727 4018 864 4114 colens,
887 4021 931 4095 ad
945 4019 1151 4096 Bacchidem
1172 4019 1292 4094 hacte-

229 4172 293 4221 nus
316 4171 351 4222 se
377 4147 541 4224 erravisse
559 4147 674 4238 sentit,
691 4155 726 4222 et
743 4147 897 4220 animum
920 4146 970 4219 sui
997 4144 1144 4220 similem
1168 4155 1289 4219 tractus

261 4375 294 4439 (l)
310 4375 415 4440 Hecura,
432 4376 451 4437 l,
465 4375 489 4425 ἓ.
