3030 5266
614 572 754 632 ..5.-

84 685 87 690 *
150 706 321 779 consuluit
349 713 462 778 custos
488 706 699 804 Lyduseum
725 706 818 804 apud
844 708 1034 782 Bacchides
1053 720 1216 784 coenatu·

151 853 228 903 rum
241 839 276 903 et
289 838 401 904 totum
418 831 561 906 Veneris
574 831 672 905 ludos
684 854 724 906 ac
740 832 838 929 jocos
855 834 1042 929 spirantem
1063 835 1218 910 inhibere

150 965 306 1044 conatus,
323 963 426 1052 atque
454 978 517 1029 suc
539 956 746 1030 detrimento
766 958 869 1031 sensit
887 959 922 1030 in
942 959 1088 1033 alienam
1110 960 1218 1034 scho-

149 1081 218 1154 lam
239 1103 258 1153 e
277 1104 338 1153 sua
364 1081 575 1179 migravisse.
598 1081 792 1178 Discipulos
817 1083 933 1157 animo
960 1077 1218 1184 hilaris,tingda

131 1190 291 1293 'solutus
314 1203 454 1280 facetias
478 1214 512 1280 et
537 1207 691 1304 argutias
709 1205 869 1296 effundit,
885 1208 1064 1306 paedagogi
1087 1209 1218 1283 barba-

151 1352 226 1402 ram
240 1329 423 1420 inscitiam,
442 1330 513 1426 ipso
532 1353 622 1404 nova
634 1330 813 1426 disciplina
828 1332 1043 1428 superbiens,
1062 1333 1218 1430 increpat

150 1461 184 1528 et
204 1453 342 1545 fastidit,
360 1477 425 1528 nec
441 1453 553 1551 prisca
571 1454 759 1529 verborum
772 1457 952 1554 gravitate,
970 1480 1107 1553 quama
1125 1459 1216 1557 Lydo
1312 1493 1315 1498 ·

150 1579 281 1668 didicit,
306 1580 370 1652 nisi
394 1603 456 1677 per
477 1580 597 1677 jocum
628 1580 748 1654 utitur.
779 1582 1097 1680 Magistroroganti
1130 1607 1215 1656 num

150 1705 193 1778 ad
220 1705 428 1778 amatorium
454 1705 648 1780 convivium
675 1706 882 1780 obsonatum
907 1706 1007 1797 ferat,
1034 1707 1217 1805 magnifice

60 1840 67 1851 '
150 1814 358 1927 respondet:

222 2081 318 2155 Sperat
330 2081 441 2154 quidem
456 2082 561 2136 animus
573 2099 581 2150 ;
595 2098 650 2154 quo
666 2081 782 2151 eveniat,
799 2081 840 2137 dis
855 2082 884 2136 in
900 2089 1008 2138 manust
1022 2083 1072 2154 (f).

198 2309 267 2381 Nec
281 2305 394 2382 verbis
408 2305 527 2402 tepidis
548 2306 595 2379 ita
607 2305 694 2379 ludit
708 2315 746 2380 ut
769 2307 871 2380 minis
890 2306 1059 2381 abstineat
1077 2333 1085 2382 :
1102 2316 1216 2383 vetere

150 2431 266 2506 fabula
286 2439 490 2520 memorata,
507 2453 566 2504 suo
590 2431 778 2531 padagogo
800 2432 1023 2530 Lini-partes,
1043 2433 1106 2506 sibi
1128 2435 1217 2508 Her·

149 2557 234 2632 cnlis
248 2556 416 2646 attribuit,
438 2579 517 2630 vere
539 2585 556 2624 r
571 2557 692 2652 plenus
709 2556 885 2654 sanguinis
901 2583 937 2646 »,
957 2565 993 2631 ut
1011 2556 1094 2656 Lydi
1110 2558 1215 2633 verbo

149 2692 239 2772 utar,
261 2689 294 2756 et
316 2711 332 2752 κ
351 2682 468 2756 vacivo
486 2681 640 2755 virium»
663 2680 914 2756 formidandus.
931 2684 1073 2773 Tacere,
1096 2693 1132 2757 ut
1155 2684 1215 2782 qni

148 2805 1212 2905 reipsaservussit,etheruminssagitiistabulumsequijussns,

148 2935 248 3030 plura
264 2932 379 3030 Lydus
394 2930 476 3004 vidit
493 2953 598 3027 quarn
619 2930 848 3029 paedagogum
868 2931 1034 3004 decebat:
1053 2954 1114 3005 nos
1132 2956 1215 3028 pru·

149 3058 265 3132 dantia
288 3057 421 3154 majore
442 3057 494 3129 usi
521 3076 591 3151 non
612 3054 757 3152 januam
779 3056 870 3129 hanc
886 3057 966 3131 Orci
985 3056 1210 3153 pulsabimus

146 3206 215 3280 quo
231 3204 333 3257 nemo
347 3181 498 3272 advenit,
755 3177 759 3184 ⁴

217 3433 272 3488 Nisi
288 3450 369 3506 quem
384 3449 446 3506 spes
461 3433 598 3506 reliquere
611 3449 705 3488 omues
717 3449 778 3488 esse
792 3439 823 3487 ut
834 3432 908 3504 frugi
923 3432 1025 3505 possiet
1039 3432 1089 3503 (f).

192 3662 309 3747 Quum
336 3659 543 3744 locustum
572 3657 798 3732 adolescentis
827 3657 1007 3756 ingenium
1038 3657 1119 3731 satis
1150 3679 1212 3731 nos

145 3792 287 3858 nrouent
311 3805 450 3858 omnem
478 3783 512 3855 in
535 3792 700 3880 apparato
727 3781 883 3855 convivio
911 3782 1080 3879 pudorem
1114 3783 1212 3878 peri-

143 3919 261 3983 turum
279 3932 365 3984 essa.

191 4034 385 4108 Dinarchus
402 4035 436 4107 in
452 4033 658 4107 'l'ruculeuto
677 4032 849 4108 veteribus
871 4031 959 4106 vitiis
977 4031 1110 4106 laborat
1131 4032 1211 4130 qui-

175 4284 209 4348 (t)
227 4283 327 4343 Bacch„
344 4285 364 4344 1,
379 4283 402 4333 t.

175 4363 209 4429 (ἓ)
227 4365 328 4424 Bacch„
344 4365 388 4422 111,
404 4364 427 4412 t.
