3030 5266
578 553 737 619 ..25-

124 715 192 767 non
212 691 286 767 sine
300 691 518 766 cunctatione
536 688 711 787 suscipiat,
728 697 760 763 et
776 685 898 765 ornatu
918 690 1113 766 nauclerico
1135 691 1190 764 in-

123 817 247 895 cedens
260 817 303 892 de
315 839 377 890 sua
390 815 514 893 fictoet
528 815 690 891 indecora
702 824 794 892 veste
810 839 908 914 paene
927 816 1107 892 crubescat
1122 817 1188 912 (t).

123 941 330 1018 Laudandus
348 953 398 1018 est
422 965 442 1015 a
462 964 599 1016 morum
618 951 829 1040 praeceptore
855 941 902 1016 ita
923 951 1051 1017 tenerae
1069 940 1190 1016 frontis

124 1070 335 1159 adolescens,
354 1068 398 1141 ab
414 1066 529 1142 cilicio
553 1066 731 1142 discedens
746 1067 892 1158 invitus3
917 1089 971 1143 res
994 1075 1110 1142 autem
1131 1090 1192 1143 co·

125 1195 214 1270 urica
229 1193 410 1268 viridiores
426 1192 570 1268 affectus
588 1191 709 1290 poscit,
730 1192 856 1290 quibus
870 1201 1042 1291 spectator
1055 1216 1190 1270 morene

124 1330 181 1394 tur
205 1329 239 1394 et
261 1319 459 1410 delectetur,
486 1341 550 1392 nec
573 1318 744 1393 immerito
762 1318 1087 1416 Periplectomeues,
1117 1318 1190 1414 ipse

124 1444 264 1543 quidem
284 1444 385 1519 nimis
399 1444 443 1519 ad
455 1445 662 1542 voluptatem
676 1466 880 1541 propensae,
896 1443 1088 1521 Pleusidem
1111 1467 1189 1518 unr-

124 1571 221 1645 iorum
245 1571 392 1644 amantis
409 1569 635 1668 potiusquam
651 1576 825 1644 amantem
844 1577 955 1644 vocat.

150 1711 152 1717 '
173 1697 396 1787 Lesbonicus
416 1697 450 1769 iu
470 1697 688 1787 Priorumnro,
708 1696 743 1770 iu
761 1694 933 1794 profundo
951 1695 1114 1771 vitiorum
1131 1697 1190 1770 diu

122 1798 1189 1922 jacuit,sedeumindueitpoetajamemergcnternmtadlittus,

127 1956 160 2020 nt
177 1947 224 2022 ita
245 1946 372 2038 dicant,
392 1947 630 2044 arripiendum
651 1948 832 2023 nitentem.
853 1949 943 2023 Dum
960 1957 1058 2046 pater
1077 1971 1150 2024 rem
1171 1971 1191 2021 a

126 2072 194 2148 filio
212 2072 356 2149 fractam
373 2097 532 2171 reparare
553 2082 784 2150 mercaturam
800 2073 958 2149 faciendo
982 2073 1187 2163 conabatur,

124 2208 282 2296 paternas
309 2199 401 2274 aedes
427 2199 484 2274 hic
504 2200 653 2276 vendere
674 2199 847 2290 sustinuit,
875 2210 909 2274 et
926 2199 1017 2273 intro
1035 2198 1189 2297 quinde-

125 2316 191 2390 cim
207 2317 279 2390 dies
291 2317 439 2414 pretium
453 2327 635 2414 acceptum
650 2316 852 2415 absumpsit.
868 2319 982 2406 Quum
1000 2317 1188 2413 Stasimum

125 2465 259 2517 servum
281 2465 383 2516 suum
404 2452 501 2541 rogat
521 2441 604 2540 quid
621 2441 664 2516 dc
679 2464 720 2517 eo
735 2440 866 2517 deuotum
891 2441 1008 2531 inerit,
1029 2441 1085 2515 hic
1109 2464 1186 2516 res-

125 2568 254 2664 pondet
274 2593 283 2641 :

249 2738 417 2806 Comessum,
434 2745 570 2810 expetam,
589 2747 742 2807 ennodium,
758 2737 862 2795 elutum
877 2739 903 2794 in
920 2737 1046 2795 balineis.

126 2864 270 2937 Multum
293 2874 327 2939 ot
346 2889 367 2938 a
387 2865 508 2939 scortis
532 2874 668 2963 raptum
692 2875 755 2954 est,
773 2866 833 2940 sed
852 2888 920 2940 trun
943 2873 1189 2941 totumtamen

60 3002 69 3011 ‘
125 2989 159 3062 in
178 2990 294 3088 turpia
317 2989 465 3064 effusum
488 3000 557 3079 cst;
584 2990 714 3088 aliquid
733 3013 793 3087 per
815 2991 1063 3090 benignitatem
1090 2990 1187 3075 abiit,

124 3114 224 3189 honae
238 3115 377 3213 quidem
395 3115 517 3191 indolis
537 3114 698 3215 sigonam
719 3116 812 3192 mille
828 3117 921 3191 anim
943 3116 1190 3192 drachmarum

124 3263 186 3338 pru
210 3242 276 3316 alio
300 3241 494 3341 spopondit,
512 3251 545 3318 et
563 3221 765 3317 damnosam
784 3242 1068 3341 imprudentiam,
1084 3241 1189 3341 quam

124 3367 290 3441 Stasimus
310 3368 477 3465 increpat,
500 3368 638 3468 egregia
658 3369 877 3444 excusatione
896 3368 1077 3445 defendit:

296 3552 365 3607 Eum
380 3553 435 3611 vidi
449 3555 579 3611 miserum
595 3564 621 3612 et
638 3573 680 3612 me
696 3557 754 3630 ejus
769 3557 949 3614 miseritnrust
961 3558 1010 3628 (2).

170 3692 360 3789 Ingenuum
383 3694 538 3767 animum
565 3695 599 3766 in
633 3693 701 3768 vita
735 3694 908 3768 luxuriosa
947 3714 1014 3769 non
1048 3695 1191 3769 omnino

123 3816 328 3890 exstinctum
356 3817 457 3892 tuisse
489 3827 633 3893 testatur
660 3827 794 3894 servata
818 3821 853 3893 in
883 3819 999 3917 inopia
1026 3819 1187 3919 [ligantes.

153 4029 186 4091 (1)
204 4029 254 4081 Md.
271 4032 346 4094 pion,
360 4033 396 4091 tv,
417 4033 448 4081 t:

306 4114 386 4162 Atium
400 4114 450 4163 ulio
464 4120 535 4177 paeto
550 4119 651 4178 propter
664 4130 772 4165 amorem
787 4117 811 4165 ni
828 4115 904 4164 sciam

248 4221 251 4224 >
307 4195 406 4243 Fecisse
419 4197 496 4244 multa
511 4196 631 4258 nequiter,
647 4211 730 4246 verear
743 4198 821 4261 magis

308 4276 344 4324 tic
357 4278 448 4326 amoris
463 4292 536 4327 caiisa
552 4279 597 4326 troc
612 4285 700 4334 ornatu
715 4280 838 4329 incedere.

153 4370 187 4431 (⁹2)
207 4370 374 4428 Trinorrrntns,
389 4375 420 4429 ΙΙ,
435 4375 458 4423 4-
