3030 5266
674 553 770 614 —Qll
791 589 830 598 -

218 691 336 779 Quum
351 688 511 787 Lysiteles
527 672 703 764 Lesbonici
719 711 872 765 sororem
887 690 920 763 iu
933 690 1198 765 matrimonium
1214 693 1300 766 sine

219 813 299 889 dote
321 823 419 912 rogat
434 823 470 888 ut
483 815 596 891 amico
615 815 730 915 egenti
748 816 947 915 opituletur,
964 816 1033 905 ille,
1051 837 1137 914 quas
1156 817 1193 890 in
1217 841 1299 892 an-

219 940 349 1036 gustias
362 939 432 1014 suis
452 940 539 1015 vitiis
556 940 714 1016 redactus
731 941 775 1015 sit
787 941 993 1040 intelligens,
1009 940 1295 1017 munificentiam

220 1065 346 1139 severis
363 1066 511 1140 consiliis
533 1067 720 1141 admixtum
737 1065 834 1141 valde
855 1065 1026 1164 repudiat,
1051 1076 1155 1164 atque
1174 1069 1295 1143 animi

220 1187 347 1264 ferocia
364 1191 473 1267 elatus
484 1192 586 1265 simul
598 1214 640 1266 ac
657 1192 790 1290 pudore
805 1192 1010 1284 stimulatus,
1026 1202 1059 1268 et
1078 1192 1111 1264 in
1133 1191 1295 1268 amicum

175 1336 178 1346 ¹
220 1315 304 1389 etin
325 1325 432 1391 semet
458 1317 570 1415 ipsum
585 1317 810 1394 roborarentur
825 1317 999 1392 invehitur
1020 1342 1028 1389 ε

291 1529 387 1586 Omnia
401 1547 452 1602 ego
465 1531 549 1587 istaec
563 1548 623 1605 quae
639 1541 666 1589 tu
681 1531 748 1588 dixti
762 1532 817 1588 scio
834 1531 875 1588 vel
890 1532 1086 1606 assignavero:

292 1621 323 1676 llt
337 1637 395 1676 rem
409 1621 524 1694 patriam
539 1631 567 1678 et
581 1621 698 1694 gloriam
714 1622 846 1694 majurum
863 1621 988 1677 loedarim
1004 1638 1103 1678 merim.

290 1709 396 1766 Scibam
410 1719 441 1766 nt
454 1727 514 1767 esse
527 1729 570 1768 mc
583 1711 703 1780 deceret,
717 1711 806 1769 lacere
819 1728 872 1768 non
886 1712 997 1785 quibam
1013 1712 1112 1768 miser:

290 1801 331 1859 lta
346 1801 370 1855 ri
387 1800 499 1857 Veneris
515 1802 631 1872 rinctus,
648 1803 704 1860 otio
719 1783 814 1877 captus
828 1805 867 1875 (l)
883 1803 909 1858 iu
924 1801 1049 1858 fraudem
1064 1802 1156 1861 incidi.

290 1978 357 2036 Nolo
367 1982 418 2053 ego
429 1981 496 2038 mihi
505 1990 533 2039 te
544 1991 600 2040 tam
611 1982 778 2057 prospicere,
792 1982 839 2056 qui
852 1997 939 2037 meam
953 1989 1101 2055 egestatem
1115 1981 1200 2051 leves,

290 2069 341 2127 Sed
356 2079 385 2128 ut
401 2072 479 2146 iuups
491 2071 600 2129 infamis
615 2090 649 2130 ne
664 2071 733 2128 sim:
749 2089 784 2128 ue
797 2071 834 2128 mi
849 2071 920 2129 benc
934 2071 1034 2129 lamam
1049 2071 1187 2138 ditleraut,

291 2159 332 2217 lle
347 2177 505 2234 gerrnauam
519 2181 608 2220 aream
622 2179 745 2221 sororem
757 2161 785 2219 in
797 2161 1006 2219 concubinatum
1020 2160 1070 2220 tibi

289 2251 332 2308 Sic
344 2252 401 2307 sine
415 2253 478 2310 dote
491 2253 599 2312 dedisse
612 2254 700 2328 magis
711 2269 794 2329 qnam
807 2251 834 2308 iu
847 2252 1063 2310 matrimonium.

243 2388 250 2400 .
290 2340 356 2408 Quis
369 2359 414 2399 me
429 2343 571 2417 inprobior
583 2344 761 2418 perhibeatur
773 2358 832 2398 esse
846 2342 909 2417 (2ss

266 2544 455 2644 Quidquid,
469 2554 595 2644 praeter
609 2546 728 2635 vitam,
743 2557 909 2643 superest,
926 2567 1050 2645 agrum
1066 2566 1190 2640 nenrpe
1204 2542 1291 2617 sub-

220 2657 405 2779 urbanum,
422 2674 528 2747 sururi
551 2668 622 2746 suae
644 2671 821 2769 relinquit,
838 2681 872 2744 et
889 2670 1068 2745 infamiam
1089 2691 1169 2742 eum
1191 2669 1292 2743 divi-

219 2797 274 2871 tiis
286 2799 674 2895 proculaseremovens
689 2797 839 2895 inopiam
863 2794 1288 2892 cumlaudeconjunctam

217 2923 448 3022 amplectitur.
474 2925 546 2999 Sua
562 2925 655 2998 enim
675 2931 817 3021 peccata
839 2922 1066 3021 castigaturus
1083 2917 1225 3017 perinde
1244 2943 1290 2994 ac

217 3040 320 3114 vitam
346 3050 580 3132 sustenturus,
603 3041 691 3117 forte
718 3041 897 3116 consilinm
925 3046 1039 3112 mente
1061 3036 1288 3138 concipiunt

217 3175 422 3262 conceptum
456 3175 702 3263 exsequeretur
729 3166 790 3239 nisi
823 3173 938 3263 pater,
968 3170 1163 3238 mercatura
1190 3161 1289 3234 dives

216 3288 327 3364 lactus
349 3301 383 3365 et
408 3300 603 3388 opportuno
629 3300 785 3389 tempore
812 3290 937 3378 redux,
963 3311 1042 3362 eum
1068 3309 1148 3361 cunr
1176 3285 1284 3361 Calli-

216 3421 277 3498 clis
298 3418 367 3495 tilia
381 3418 600 3492 matrimonio
618 3417 857 3515 conjungeret.

266 3543 443 3622 Lesbonici
468 3542 600 3616 amicus
628 3541 788 3639 Lysiteles
813 3563 879 3614 rior]
909 3540 990 3613 uitia
1016 3540 1134 3614 debuit
1156 3561 1286 3614 exuere

217 3672 341 3770 quibus
358 3692 533 3767 nunquam
562 3667 760 3756 indulserat,
784 3675 948 3741 resumet
965 3667 997 3739 in
1013 3665 1180 3740 Plautinis
1196 3664 1282 3738 ado-

217 3796 423 3872 lescentibus
443 3807 477 3869 et
501 3795 534 3867 in
565 3794 718 3867 moribus
742 3791 890 3889 antiquis
908 3790 1146 3887 temperantiae
1162 3810 1283 3864 exem-

247 4039 282 4103 (l)
299 4040 375 4087 Vetus
386 4037 468 4086 Codex
483 4035 568 4084 scribit
582 4050 587 4082 :
604 4034 655 4083 otio
667 4039 767 4095 cuptns;
781 4033 971 4082 Ambrosianus:
987 4030 1180 4087 ull-antus,
1193 4047 1202 4074 a
1216 4033 1240 4075 rt
1251 4029 1285 4076 ita

217 4120 316 4181 qnidam
331 4123 358 4166 ut
373 4117 392 4165 0
408 4131 439 4165 au
453 4118 470 4163 c
485 4117 560 4165 licerit
575 4119 662 4176 quarta
676 4114 768 4173 littera,
791 4128 839 4162 nou
861 4115 963 4175 liqueat,
983 4112 1025 4159 sed
1045 4110 1107 4158 illud
1129 4114 1210 4157 tamen
1231 4111 1283 4156 reri

218 4200 299 4264 paullo
313 4197 418 4246 similius
432 4197 511 4245 vistim
527 4197 566 4245 sit.
585 4214 595 4240 a
612 4195 715 4258 Aptum,
731 4195 808 4243 Nonio
828 4195 1016 4256 interpretante,
1034 4210 1043 4236 a
1060 4202 1179 4240 conexum
1195 4192 1219 4236 ct
1234 4189 1284 4237 rul-

216 4283 320 4342 ligatnm
332 4297 342 4323 a
360 4275 490 4341 signillcnt.
510 4277 623 4338 (llitsulil.
641 4272 822 4347 Tripurumus.)

249 4361 281 4420 (dl
303 4360 471 4414 l'rinurmnus,
489 4358 532 4415 lll,
548 4357 570 4405 ἰ).
