<?xml version="1.0" encoding="UTF-8"?>
<!DOCTYPE html PUBLIC "-//W3C//DTD XHTML 1.0 Transitional//EN"
    "http://www.w3.org/TR/xhtml1/DTD/xhtml1-transitional.dtd">
<html xmlns="http://www.w3.org/1999/xhtml" xml:lang="en" lang="en">
 <head>
  <title>
</title>
<meta http-equiv="Content-Type" content="text/html;charset=utf-8" />
  <meta name='ocr-system' content='tesseract 3.04.00' />
  <meta name='ocr-capabilities' content='ocr_page ocr_carea ocr_par ocr_line ocrx_word'/>
</head>
<body>
  <div class='ocr_page' id='page_1' title='image "./deplautinisette00bertgoog_0035.png"; bbox 0 0 3030 5266; ppageno 0'>
   <div class='ocr_carea' id='block_1_1' title="bbox 768 576 928 638">
    <p class='ocr_par' dir='ltr' id='par_1_1' title="bbox 768 576 928 638">
     <span class='ocr_line' id='line_1_1' title="bbox 768 576 928 638; baseline -0.019 -12"><span class='ocrx_word' id='word_1_1' title='bbox 768 576 928 638; x_wconf 71' lang='lat' dir='ltr'><strong>„er-</strong></span> 
     </span>
    </p>
   </div>
   <div class='ocr_carea' id='block_1_2' title="bbox 257 713 1396 3204">
    <p class='ocr_par' dir='ltr' id='par_1_2' title="bbox 278 713 1396 1045">
     <span class='ocr_line' id='line_1_2' title="bbox 314 713 1391 818; baseline -0.005 -23"><span class='ocrx_word' id='word_1_2' title='bbox 314 743 424 818; x_wconf 90' lang='lat' dir='ltr'><strong>quum</strong></span> <span class='ocrx_word' id='word_1_3' title='bbox 438 720 513 793; x_wconf 90' lang='lat' dir='ltr'><strong>loco</strong></span> <span class='ocrx_word' id='word_1_4' title='bbox 536 738 762 791; x_wconf 85' lang='lat' dir='ltr'><strong>nnnrmoram</strong></span> <span class='ocrx_word' id='word_1_5' title='bbox 782 713 1017 796; x_wconf 80' lang='lat' dir='ltr'><strong>effundantur,</strong></span> <span class='ocrx_word' id='word_1_6' title='bbox 1045 713 1224 788; x_wconf 88' lang='lat' dir='ltr'><strong>sedetiam</strong></span> <span class='ocrx_word' id='word_1_7' title='bbox 1246 715 1391 806; x_wconf 86' lang='lat' dir='ltr'><strong>insulsi,</strong></span> 
     </span>
     <span class='ocr_line' id='line_1_3' title="bbox 278 839 1396 944; baseline 0 -25"><span class='ocrx_word' id='word_1_8' title='bbox 278 843 285 855; x_wconf 90' lang='lat'>&#39;</span> <span class='ocrx_word' id='word_1_9' title='bbox 314 867 423 944; x_wconf 88' lang='lat' dir='ltr'><strong>quum</strong></span> <span class='ocrx_word' id='word_1_10' title='bbox 448 843 596 942; x_wconf 88' lang='lat' dir='ltr'><strong>puellam</strong></span> <span class='ocrx_word' id='word_1_11' title='bbox 625 841 748 915; x_wconf 89' lang='lat' dir='ltr'><strong>merito</strong></span> <span class='ocrx_word' id='word_1_12' title='bbox 773 839 1004 914; x_wconf 80' lang='lat' dir='ltr'><strong>fastidientem</strong></span> <span class='ocrx_word' id='word_1_13' title='bbox 1032 839 1105 913; x_wconf 88' lang='lat' dir='ltr'><strong>sino</strong></span> <span class='ocrx_word' id='word_1_14' title='bbox 1129 839 1396 919; x_wconf 66' lang='lat' dir='ltr'><strong>intermissione</strong></span> 
     </span>
     <span class='ocr_line' id='line_1_4' title="bbox 315 971 496 1045; baseline 0 -1"><span class='ocrx_word' id='word_1_15' title='bbox 315 971 496 1045; x_wconf 83' lang='lat' dir='ltr'><strong>lacessant.</strong></span> 
     </span>
    </p>

    <p class='ocr_par' dir='ltr' id='par_1_3' title="bbox 314 1089 1395 1547">
     <span class='ocr_line' id='line_1_5' title="bbox 364 1089 1395 1192; baseline -0.001 -23"><span class='ocrx_word' id='word_1_16' title='bbox 364 1095 497 1192; x_wconf 88' lang='lat' dir='ltr'><strong>Saepius</strong></span> <span class='ocrx_word' id='word_1_17' title='bbox 516 1093 607 1191; x_wconf 88' lang='lat' dir='ltr'><strong>apud</strong></span> <span class='ocrx_word' id='word_1_18' title='bbox 634 1093 796 1167; x_wconf 88' lang='lat' dir='ltr'><strong>Plautum</strong></span> <span class='ocrx_word' id='word_1_19' title='bbox 816 1091 971 1167; x_wconf 84' lang='lat' dir='ltr'><strong>invenire</strong></span> <span class='ocrx_word' id='word_1_20' title='bbox 993 1099 1046 1166; x_wconf 87' lang='lat' dir='ltr'><strong>est</strong></span> <span class='ocrx_word' id='word_1_21' title='bbox 1067 1089 1301 1167; x_wconf 89' lang='lat' dir='ltr'><strong>adolescentes</strong></span> <span class='ocrx_word' id='word_1_22' title='bbox 1325 1104 1395 1168; x_wconf 89' lang='lat' dir='ltr'><strong>aut</strong></span> 
     </span>
     <span class='ocr_line' id='line_1_6' title="bbox 314 1208 1392 1320; baseline -0.002 -24"><span class='ocrx_word' id='word_1_23' title='bbox 314 1220 424 1296; x_wconf 90' lang='lat' dir='ltr'><strong>amori</strong></span> <span class='ocrx_word' id='word_1_24' title='bbox 442 1219 596 1320; x_wconf 78' lang='lat' dir='ltr'><strong>frigidius</strong></span> <span class='ocrx_word' id='word_1_25' title='bbox 614 1241 755 1315; x_wconf 88' lang='lat' dir='ltr'><strong>operam</strong></span> <span class='ocrx_word' id='word_1_26' title='bbox 779 1217 914 1308; x_wconf 87' lang='lat' dir='ltr'><strong>dantes,</strong></span> <span class='ocrx_word' id='word_1_27' title='bbox 931 1208 994 1292; x_wconf 54' lang='lat' dir='ltr'><strong>&#39;aut</strong></span> <span class='ocrx_word' id='word_1_28' title='bbox 1016 1225 1156 1315; x_wconf 89' lang='lat' dir='ltr'><strong>peccata</strong></span> <span class='ocrx_word' id='word_1_29' title='bbox 1181 1219 1392 1316; x_wconf 79' lang='lat' dir='ltr'><strong>poenitendo</strong></span> 
     </span>
     <span class='ocr_line' id='line_1_7' title="bbox 314 1321 1388 1444; baseline -0.003 -24"><span class='ocrx_word' id='word_1_30' title='bbox 314 1321 537 1444; x_wconf 79' lang='lat' dir='ltr'><strong>corrigentes,</strong></span> <span class='ocrx_word' id='word_1_31' title='bbox 559 1352 619 1419; x_wconf 89' lang='lat' dir='ltr'><strong>aut</strong></span> <span class='ocrx_word' id='word_1_32' title='bbox 639 1344 743 1419; x_wconf 89' lang='lat' dir='ltr'><strong>etiam</strong></span> <span class='ocrx_word' id='word_1_33' title='bbox 753 1343 848 1419; x_wconf 91' lang='lat' dir='ltr'><strong>omni</strong></span> <span class='ocrx_word' id='word_1_34' title='bbox 865 1352 1004 1440; x_wconf 87' lang='lat' dir='ltr'><strong>peccato</strong></span> <span class='ocrx_word' id='word_1_35' title='bbox 1021 1366 1145 1418; x_wconf 87' lang='lat' dir='ltr'><strong>vacuos</strong></span> <span class='ocrx_word' id='word_1_36' title='bbox 1156 1367 1261 1440; x_wconf 90' lang='lat' dir='ltr'><strong>qnam</strong></span> <span class='ocrx_word' id='word_1_37' title='bbox 1281 1367 1388 1419; x_wconf 89' lang='lat' dir='ltr'><strong>amo-</strong></span> 
     </span>
     <span class='ocr_line' id='line_1_8' title="bbox 317 1464 1179 1547; baseline 0 -4"><span class='ocrx_word' id='word_1_38' title='bbox 317 1464 394 1547; x_wconf 89' lang='lat' dir='ltr'><strong>rem</strong></span> <span class='ocrx_word' id='word_1_39' title='bbox 405 1471 578 1545; x_wconf 87' lang='lat' dir='ltr'><strong>sinceram</strong></span> <span class='ocrx_word' id='word_1_40' title='bbox 599 1478 633 1545; x_wconf 92' lang='lat' dir='ltr'><strong>et</strong></span> <span class='ocrx_word' id='word_1_41' title='bbox 649 1469 882 1545; x_wconf 88' lang='lat' dir='ltr'><strong>verecundam</strong></span> <span class='ocrx_word' id='word_1_42' title='bbox 905 1469 1071 1544; x_wconf 86' lang='lat' dir='ltr'><strong>lavantes.</strong></span> <span class='ocrx_word' id='word_1_43' title='bbox 1176 1519 1179 1522; x_wconf 52' lang='lat'><strong>&gt;</strong></span> 
     </span>
    </p>

    <p class='ocr_par' dir='ltr' id='par_1_4' title="bbox 257 1585 1391 3204">
     <span class='ocr_line' id='line_1_9' title="bbox 365 1585 1391 1694; baseline 0.002 -24"><span class='ocrx_word' id='word_1_44' title='bbox 365 1595 552 1686; x_wconf 90' lang='lat' dir='ltr'><strong>Pleusides,</strong></span> <span class='ocrx_word' id='word_1_45' title='bbox 575 1596 608 1670; x_wconf 89' lang='lat' dir='ltr'><strong>in</strong></span> <span class='ocrx_word' id='word_1_46' title='bbox 625 1596 912 1692; x_wconf 75' lang='lat' dir='ltr'><strong>Militeplorr&#39;oso,</strong></span> <span class='ocrx_word' id='word_1_47' title='bbox 928 1594 1024 1694; x_wconf 87' lang='lat' dir='ltr'><strong>cnjus</strong></span> <span class='ocrx_word' id='word_1_48' title='bbox 1039 1594 1173 1694; x_wconf 85' lang='lat' dir='ltr'><strong>hospes,</strong></span> <span class='ocrx_word' id='word_1_49' title='bbox 1188 1585 1326 1694; x_wconf 90' lang='lat' dir='ltr'><strong>lepidus</strong></span> <span class='ocrx_word' id='word_1_50' title='bbox 1338 1621 1391 1673; x_wconf 87' lang='lat' dir='ltr'><strong>se-</strong></span> 
     </span>
     <span class='ocr_line' id='line_1_10' title="bbox 316 1719 1387 1819; baseline 0 -21"><span class='ocrx_word' id='word_1_51' title='bbox 316 1746 394 1814; x_wconf 86' lang='lat' dir='ltr'><strong>aex,</strong></span> <span class='ocrx_word' id='word_1_52' title='bbox 416 1723 553 1797; x_wconf 89' lang='lat' dir='ltr'><strong>nomine</strong></span> <span class='ocrx_word' id='word_1_53' title='bbox 568 1719 893 1819; x_wconf 77' lang='lat' dir='ltr'><strong>PeriplectomeneS,</strong></span> <span class='ocrx_word' id='word_1_54' title='bbox 909 1720 1059 1795; x_wconf 87' lang='lat' dir='ltr'><strong>occultos</strong></span> <span class='ocrx_word' id='word_1_55' title='bbox 1073 1744 1221 1814; x_wconf 77' lang='lat' dir='ltr'><strong>amoma,</strong></span> <span class='ocrx_word' id='word_1_56' title='bbox 1238 1723 1387 1798; x_wconf 88' lang='lat' dir='ltr'><strong>militem</strong></span> 
     </span>
     <span class='ocr_line' id='line_1_11' title="bbox 315 1847 1388 1946; baseline 0.001 -24"><span class='ocrx_word' id='word_1_57' title='bbox 315 1848 479 1938; x_wconf 84' lang='lat' dir='ltr'><strong>lallando,</strong></span> <span class='ocrx_word' id='word_1_58' title='bbox 495 1847 651 1946; x_wconf 86' lang='lat' dir='ltr'><strong>adjuvat,</strong></span> <span class='ocrx_word' id='word_1_59' title='bbox 669 1855 776 1923; x_wconf 92' lang='lat' dir='ltr'><strong>semet</strong></span> <span class='ocrx_word' id='word_1_60' title='bbox 793 1847 907 1946; x_wconf 92' lang='lat' dir='ltr'><strong>ipsum</strong></span> <span class='ocrx_word' id='word_1_61' title='bbox 925 1849 972 1922; x_wconf 93' lang='lat' dir='ltr'><strong>ita</strong></span> <span class='ocrx_word' id='word_1_62' title='bbox 994 1848 1147 1946; x_wconf 82' lang='lat' dir='ltr'><strong>graviter</strong></span> <span class='ocrx_word' id='word_1_63' title='bbox 1164 1847 1388 1946; x_wconf 85' lang='lat' dir='ltr'><strong>reprehendit</strong></span> 
     </span>
     <span class='ocr_line' id='line_1_12' title="bbox 316 1972 1388 2073; baseline 0 -24"><span class='ocrx_word' id='word_1_64' title='bbox 316 1975 375 2073; x_wconf 88' lang='lat' dir='ltr'><strong>qui</strong></span> <span class='ocrx_word' id='word_1_65' title='bbox 401 1975 484 2053; x_wconf 89' lang='lat' dir='ltr'><strong>tales</strong></span> <span class='ocrx_word' id='word_1_66' title='bbox 505 1997 605 2049; x_wconf 86' lang='lat' dir='ltr'><strong>curas</strong></span> <span class='ocrx_word' id='word_1_67' title='bbox 635 1972 747 2048; x_wconf 89' lang='lat' dir='ltr'><strong>aetatis</strong></span> <span class='ocrx_word' id='word_1_68' title='bbox 774 1984 920 2048; x_wconf 89' lang='lat' dir='ltr'><strong>maturae</strong></span> <span class='ocrx_word' id='word_1_69' title='bbox 952 1974 1031 2047; x_wconf 86' lang='lat' dir='ltr'><strong>viro</strong></span> <span class='ocrx_word' id='word_1_70' title='bbox 1046 1973 1218 2071; x_wconf 88' lang='lat' dir='ltr'><strong>praebeat,</strong></span> <span class='ocrx_word' id='word_1_71' title='bbox 1247 1984 1285 2049; x_wconf 89' lang='lat' dir='ltr'><strong>nt</strong></span> <span class='ocrx_word' id='word_1_72' title='bbox 1311 1983 1388 2049; x_wconf 91' lang='lat' dir='ltr'><strong>tam</strong></span> 
     </span>
     <span class='ocr_line' id='line_1_13' title="bbox 257 2099 1390 2198; baseline 0 -24"><span class='ocrx_word' id='word_1_73' title='bbox 257 2131 261 2138; x_wconf 96' lang='lat'><em>·</em></span> <span class='ocrx_word' id='word_1_74' title='bbox 317 2100 512 2176; x_wconf 85' lang='lat' dir='ltr'><strong>verecunda</strong></span> <span class='ocrx_word' id='word_1_75' title='bbox 529 2109 563 2174; x_wconf 90' lang='lat' dir='ltr'><strong>et</strong></span> <span class='ocrx_word' id='word_1_76' title='bbox 588 2123 687 2198; x_wconf 82' lang='lat' dir='ltr'><strong>paene</strong></span> <span class='ocrx_word' id='word_1_77' title='bbox 709 2109 777 2174; x_wconf 90' lang='lat' dir='ltr'><strong>tam</strong></span> <span class='ocrx_word' id='word_1_78' title='bbox 800 2099 908 2196; x_wconf 85' lang='lat' dir='ltr'><strong>rigida</strong></span> <span class='ocrx_word' id='word_1_79' title='bbox 924 2101 1105 2198; x_wconf 88' lang='lat' dir='ltr'><strong>juventute</strong></span> <span class='ocrx_word' id='word_1_80' title='bbox 1124 2100 1304 2174; x_wconf 82' lang='lat' dir='ltr'><strong>attonitam</strong></span> <span class='ocrx_word' id='word_1_81' title='bbox 1321 2101 1390 2174; x_wconf 92' lang='lat' dir='ltr'><strong>ha-</strong></span> 
     </span>
     <span class='ocr_line' id='line_1_14' title="bbox 317 2225 1391 2324; baseline 0 -24"><span class='ocrx_word' id='word_1_82' title='bbox 317 2226 396 2302; x_wconf 89' lang='lat' dir='ltr'><strong>heat</strong></span> <span class='ocrx_word' id='word_1_83' title='bbox 409 2225 565 2324; x_wconf 87' lang='lat' dir='ltr'><strong>jocosam</strong></span> <span class='ocrx_word' id='word_1_84' title='bbox 580 2225 725 2322; x_wconf 92' lang='lat' dir='ltr'><strong>hospitis</strong></span> <span class='ocrx_word' id='word_1_85' title='bbox 740 2233 966 2300; x_wconf 88' lang='lat' dir='ltr'><strong>senectutem.</strong></span> <span class='ocrx_word' id='word_1_86' title='bbox 985 2226 1138 2299; x_wconf 78' lang='lat' dir='ltr'><strong>Alterum</strong></span> <span class='ocrx_word' id='word_1_87' title='bbox 1152 2226 1293 2300; x_wconf 89' lang='lat' dir='ltr'><strong>alterius</strong></span> <span class='ocrx_word' id='word_1_88' title='bbox 1305 2249 1391 2324; x_wconf 87' lang='lat' dir='ltr'><strong>per-</strong></span> 
     </span>
     <span class='ocr_line' id='line_1_15' title="bbox 318 2351 1391 2450; baseline 0.003 -25"><span class='ocrx_word' id='word_1_89' title='bbox 318 2371 452 2442; x_wconf 90' lang='lat' dir='ltr'><strong>sonam,</strong></span> <span class='ocrx_word' id='word_1_90' title='bbox 481 2351 562 2425; x_wconf 92' lang='lat' dir='ltr'><strong>dum</strong></span> <span class='ocrx_word' id='word_1_91' title='bbox 588 2351 842 2448; x_wconf 88' lang='lat' dir='ltr'><strong>colloquuntur,</strong></span> <span class='ocrx_word' id='word_1_92' title='bbox 864 2373 967 2450; x_wconf 81' lang='lat' dir='ltr'><strong>agere</strong></span> <span class='ocrx_word' id='word_1_93' title='bbox 984 2351 1115 2438; x_wconf 76' lang='lat' dir='ltr'><strong>credas</strong></span> <span class='ocrx_word' id='word_1_94' title='bbox 1142 2374 1258 2426; x_wconf 91' lang='lat' dir='ltr'><strong>senem</strong></span> <span class='ocrx_word' id='word_1_95' title='bbox 1287 2374 1391 2428; x_wconf 80' lang='lat' dir='ltr'><strong>anaa—</strong></span> 
     </span>
     <span class='ocr_line' id='line_1_16' title="bbox 318 2476 1387 2569; baseline 0.002 -18"><span class='ocrx_word' id='word_1_96' title='bbox 318 2477 414 2569; x_wconf 88' lang='lat' dir='ltr'><strong>toris,</strong></span> <span class='ocrx_word' id='word_1_97' title='bbox 435 2485 623 2551; x_wconf 88' lang='lat' dir='ltr'><strong>amatorem</strong></span> <span class='ocrx_word' id='word_1_98' title='bbox 644 2476 745 2550; x_wconf 90' lang='lat' dir='ltr'><strong>senis.</strong></span> <span class='ocrx_word' id='word_1_99' title='bbox 769 2477 888 2566; x_wconf 79' lang='lat' dir='ltr'><strong>Alter,</strong></span> <span class='ocrx_word' id='word_1_100' title='bbox 911 2477 1021 2550; x_wconf 79' lang='lat' dir='ltr'><strong>aetatis</strong></span> <span class='ocrx_word' id='word_1_101' title='bbox 1042 2499 1128 2551; x_wconf 88' lang='lat' dir='ltr'><strong>nans</strong></span> <span class='ocrx_word' id='word_1_102' title='bbox 1146 2478 1218 2552; x_wconf 85' lang='lat' dir='ltr'><strong>lere</strong></span> <span class='ocrx_word' id='word_1_103' title='bbox 1238 2476 1387 2569; x_wconf 87' lang='lat' dir='ltr'><strong>hahens,</strong></span> 
     </span>
     <span class='ocr_line' id='line_1_17' title="bbox 319 2600 1389 2699; baseline 0.002 -23"><span class='ocrx_word' id='word_1_104' title='bbox 319 2601 445 2676; x_wconf 73' lang='lat' dir='ltr'><strong>caelibis</strong></span> <span class='ocrx_word' id='word_1_105' title='bbox 460 2602 537 2676; x_wconf 81' lang='lat' dir='ltr'><strong>vitae</strong></span> <span class='ocrx_word' id='word_1_106' title='bbox 552 2600 815 2676; x_wconf 83' lang='lat' dir='ltr'><strong>commoditates</strong></span> <span class='ocrx_word' id='word_1_107' title='bbox 836 2601 1016 2699; x_wconf 80' lang='lat' dir='ltr'><strong>praedicat3</strong></span> <span class='ocrx_word' id='word_1_108' title='bbox 1035 2603 1210 2678; x_wconf 89' lang='lat' dir='ltr'><strong>amoribus</strong></span> <span class='ocrx_word' id='word_1_109' title='bbox 1225 2606 1389 2680; x_wconf 85' lang='lat' dir='ltr'><strong>meretri-</strong></span> 
     </span>
     <span class='ocr_line' id='line_1_18' title="bbox 320 2720 1391 2827; baseline 0.004 -26"><span class='ocrx_word' id='word_1_110' title='bbox 320 2727 380 2801; x_wconf 88' lang='lat' dir='ltr'><strong>ciis</strong></span> <span class='ocrx_word' id='word_1_111' title='bbox 406 2726 590 2825; x_wconf 89' lang='lat' dir='ltr'><strong>implicitos</strong></span> <span class='ocrx_word' id='word_1_112' title='bbox 607 2728 692 2802; x_wconf 92' lang='lat' dir='ltr'><strong>alter</strong></span> <span class='ocrx_word' id='word_1_113' title='bbox 718 2727 927 2801; x_wconf 86' lang='lat' dir='ltr'><strong>matrimonii</strong></span> <span class='ocrx_word' id='word_1_114' title='bbox 948 2720 1037 2802; x_wconf 87' lang='lat' dir='ltr'><strong>hona</strong></span> <span class='ocrx_word' id='word_1_115' title='bbox 1057 2728 1183 2827; x_wconf 81' lang='lat' dir='ltr'><strong>gaudia</strong></span> <span class='ocrx_word' id='word_1_116' title='bbox 1211 2728 1329 2804; x_wconf 89' lang='lat' dir='ltr'><strong>laudat</strong></span> <span class='ocrx_word' id='word_1_117' title='bbox 1353 2739 1391 2806; x_wconf 85' lang='lat' dir='ltr'><strong>et</strong></span> 
     </span>
     <span class='ocr_line' id='line_1_19' title="bbox 320 2853 1390 2952; baseline 0.003 -25"><span class='ocrx_word' id='word_1_118' title='bbox 320 2853 443 2951; x_wconf 87' lang='lat' dir='ltr'><strong>hospiti</strong></span> <span class='ocrx_word' id='word_1_119' title='bbox 460 2853 632 2951; x_wconf 84' lang='lat' dir='ltr'><strong>respuenti</strong></span> <span class='ocrx_word' id='word_1_120' title='bbox 657 2853 891 2929; x_wconf 86' lang='lat' dir='ltr'><strong>commendat.</strong></span> <span class='ocrx_word' id='word_1_121' title='bbox 915 2854 1056 2929; x_wconf 84' lang='lat' dir='ltr'><strong>Frustra</strong></span> <span class='ocrx_word' id='word_1_122' title='bbox 1073 2854 1390 2952; x_wconf 86' lang='lat' dir='ltr'><strong>Periplectomenes</strong></span> 
     </span>
     <span class='ocr_line' id='line_1_20' title="bbox 321 2978 1390 3078; baseline 0.004 -25"><span class='ocrx_word' id='word_1_123' title='bbox 321 3001 383 3077; x_wconf 92' lang='lat' dir='ltr'><strong>pro</strong></span> <span class='ocrx_word' id='word_1_124' title='bbox 399 3001 506 3054; x_wconf 84' lang='lat' dir='ltr'><strong>uxore</strong></span> <span class='ocrx_word' id='word_1_125' title='bbox 518 2978 771 3054; x_wconf 74' lang='lat' dir='ltr'><strong>oblatratricem</strong></span> <span class='ocrx_word' id='word_1_126' title='bbox 787 2980 817 3053; x_wconf 92' lang='lat' dir='ltr'><strong>ei</strong></span> <span class='ocrx_word' id='word_1_127' title='bbox 829 2979 976 3055; x_wconf 86' lang='lat' dir='ltr'><strong>ostendit</strong></span> <span class='ocrx_word' id='word_1_128' title='bbox 988 2988 1020 3054; x_wconf 91' lang='lat' dir='ltr'><strong>et</strong></span> <span class='ocrx_word' id='word_1_129' title='bbox 1038 2982 1133 3078; x_wconf 86' lang='lat' dir='ltr'><strong>qnasi</strong></span> <span class='ocrx_word' id='word_1_130' title='bbox 1149 2981 1316 3070; x_wconf 81' lang='lat' dir='ltr'><strong>minatur3</strong></span> <span class='ocrx_word' id='word_1_131' title='bbox 1333 2983 1390 3057; x_wconf 85' lang='lat' dir='ltr'><strong>vel</strong></span> 
     </span>
     <span class='ocr_line' id='line_1_21' title="bbox 320 3088 1387 3204; baseline 0.005 -28"><span class='ocrx_word' id='word_1_132' title='bbox 320 3103 385 3177; x_wconf 85' lang='lat' dir='ltr'><strong>hoo</strong></span> <span class='ocrx_word' id='word_1_133' title='bbox 411 3088 528 3201; x_wconf 87' lang='lat' dir='ltr'><strong>pretio</strong></span> <span class='ocrx_word' id='word_1_134' title='bbox 546 3114 701 3202; x_wconf 89' lang='lat' dir='ltr'><strong>emptam</strong></span> <span class='ocrx_word' id='word_1_135' title='bbox 724 3127 851 3177; x_wconf 83' lang='lat' dir='ltr'><strong>ornans</strong></span> <span class='ocrx_word' id='word_1_136' title='bbox 869 3105 976 3201; x_wconf 86' lang='lat' dir='ltr'><strong>patris</strong></span> <span class='ocrx_word' id='word_1_137' title='bbox 995 3105 1167 3180; x_wconf 72' lang='lat' dir='ltr'><strong>Pleusicles</strong></span> <span class='ocrx_word' id='word_1_138' title='bbox 1186 3105 1352 3204; x_wconf 86' lang='lat' dir='ltr'><strong>approbat</strong></span> <span class='ocrx_word' id='word_1_139' title='bbox 1377 3128 1387 3181; x_wconf 78' lang='lat' dir='ltr'><strong>t</strong></span> 
     </span>
    </p>
   </div>
   <div class='ocr_carea' id='block_1_3' title="bbox 381 3325 1312 3499">
    <p class='ocr_par' dir='ltr' id='par_1_5' title="bbox 381 3325 1312 3499">
     <span class='ocr_line' id='line_1_22' title="bbox 381 3325 1219 3400; baseline 0.001 -15"><span class='ocrx_word' id='word_1_140' title='bbox 381 3329 426 3385; x_wconf 73' lang='lat' dir='ltr'><strong>:m</strong></span> <span class='ocrx_word' id='word_1_141' title='bbox 438 3326 485 3382; x_wconf 84' lang='lat' dir='ltr'><strong>illa</strong></span> <span class='ocrx_word' id='word_1_142' title='bbox 497 3325 557 3382; x_wconf 87' lang='lat' dir='ltr'><strong>laus</strong></span> <span class='ocrx_word' id='word_1_143' title='bbox 570 3334 612 3382; x_wconf 89' lang='lat' dir='ltr'><strong>est</strong></span> <span class='ocrx_word' id='word_1_144' title='bbox 624 3343 724 3400; x_wconf 82' lang='lat' dir='ltr'><strong>magno</strong></span> <span class='ocrx_word' id='word_1_145' title='bbox 737 3326 766 3383; x_wconf 91' lang='lat' dir='ltr'><strong>in</strong></span> <span class='ocrx_word' id='word_1_146' title='bbox 778 3344 879 3400; x_wconf 81' lang='lat' dir='ltr'><strong>genere</strong></span> <span class='ocrx_word' id='word_1_147' title='bbox 891 3337 916 3385; x_wconf 89' lang='lat' dir='ltr'><strong>et</strong></span> <span class='ocrx_word' id='word_1_148' title='bbox 930 3328 958 3383; x_wconf 89' lang='lat' dir='ltr'><strong>in</strong></span> <span class='ocrx_word' id='word_1_149' title='bbox 972 3328 1073 3386; x_wconf 67' lang='lat' dir='ltr'><strong>divitiis</strong></span> <span class='ocrx_word' id='word_1_150' title='bbox 1086 3330 1219 3386; x_wconf 79' lang='lat' dir='ltr'><strong>nraaurnis</strong></span> 
     </span>
     <span class='ocr_line' id='line_1_23' title="bbox 395 3415 1312 3499; baseline 0.002 -26"><span class='ocrx_word' id='word_1_151' title='bbox 395 3417 505 3473; x_wconf 79' lang='lat' dir='ltr'><strong>liberos</strong></span> <span class='ocrx_word' id='word_1_152' title='bbox 520 3415 658 3472; x_wconf 87' lang='lat' dir='ltr'><strong>hominem</strong></span> <span class='ocrx_word' id='word_1_153' title='bbox 673 3417 800 3485; x_wconf 82' lang='lat' dir='ltr'><strong>educare,</strong></span> <span class='ocrx_word' id='word_1_154' title='bbox 820 3417 913 3489; x_wconf 80' lang='lat' dir='ltr'><strong>generi</strong></span> <span class='ocrx_word' id='word_1_155' title='bbox 930 3428 1137 3499; x_wconf 14' lang='lat' dir='ltr'><strong>&#39;monumentum</strong></span> <span class='ocrx_word' id='word_1_156' title='bbox 1153 3428 1180 3476; x_wconf 91' lang='lat' dir='ltr'><strong>et</strong></span> <span class='ocrx_word' id='word_1_157' title='bbox 1195 3420 1246 3476; x_wconf 85' lang='lat' dir='ltr'><strong>sihi</strong></span> <span class='ocrx_word' id='word_1_158' title='bbox 1262 3421 1312 3490; x_wconf 73' lang='lat' dir='ltr'><strong>(l),</strong></span> 
     </span>
    </p>
   </div>
   <div class='ocr_carea' id='block_1_4' title="bbox 320 3624 1389 3974">
    <p class='ocr_par' dir='ltr' id='par_1_6' title="bbox 320 3624 1389 3974">
     <span class='ocr_line' id='line_1_24' title="bbox 343 3624 1383 3730; baseline 0.007 -31"><span class='ocrx_word' id='word_1_159' title='bbox 343 3629 344 3632; x_wconf 73' lang='grc'>’</span> <span class='ocrx_word' id='word_1_160' title='bbox 368 3625 420 3699; x_wconf 91' lang='lat' dir='ltr'><strong>lta</strong></span> <span class='ocrx_word' id='word_1_161' title='bbox 438 3645 516 3698; x_wconf 88' lang='lat' dir='ltr'><strong>suas</strong></span> <span class='ocrx_word' id='word_1_162' title='bbox 533 3624 753 3723; x_wconf 83' lang='lat' dir='ltr'><strong>cogitatianes</strong></span> <span class='ocrx_word' id='word_1_163' title='bbox 768 3625 802 3700; x_wconf 92' lang='lat' dir='ltr'><strong>in</strong></span> <span class='ocrx_word' id='word_1_164' title='bbox 822 3625 940 3701; x_wconf 87' lang='lat' dir='ltr'><strong>lutura</strong></span> <span class='ocrx_word' id='word_1_165' title='bbox 949 3636 983 3703; x_wconf 88' lang='lat' dir='ltr'><strong>et</strong></span> <span class='ocrx_word' id='word_1_166' title='bbox 995 3629 1137 3704; x_wconf 88' lang='lat' dir='ltr'><strong>meliora</strong></span> <span class='ocrx_word' id='word_1_167' title='bbox 1153 3628 1280 3730; x_wconf 83' lang='lat' dir='ltr'><strong>gandia</strong></span> <span class='ocrx_word' id='word_1_168' title='bbox 1294 3652 1383 3728; x_wconf 79' lang='lat' dir='ltr'><strong>prm·</strong></span> 
     </span>
     <span class='ocr_line' id='line_1_25' title="bbox 321 3750 1389 3852; baseline 0.008 -28"><span class='ocrx_word' id='word_1_169' title='bbox 321 3750 514 3825; x_wconf 86' lang='lat' dir='ltr'><strong>mittentem</strong></span> <span class='ocrx_word' id='word_1_170' title='bbox 534 3773 601 3825; x_wconf 91' lang='lat' dir='ltr'><strong>non</strong></span> <span class='ocrx_word' id='word_1_171' title='bbox 622 3750 748 3825; x_wconf 91' lang='lat' dir='ltr'><strong>mirum</strong></span> <span class='ocrx_word' id='word_1_172' title='bbox 768 3761 818 3828; x_wconf 89' lang='lat' dir='ltr'><strong>est</strong></span> <span class='ocrx_word' id='word_1_173' title='bbox 834 3765 1020 3852; x_wconf 87' lang='lat' dir='ltr'><strong>praesentes</strong></span> <span class='ocrx_word' id='word_1_174' title='bbox 1035 3764 1070 3830; x_wconf 85' lang='lat' dir='ltr'><strong>et</strong></span> <span class='ocrx_word' id='word_1_175' title='bbox 1092 3756 1225 3832; x_wconf 88' lang='lat' dir='ltr'><strong>illicitos</strong></span> <span class='ocrx_word' id='word_1_176' title='bbox 1249 3753 1389 3835; x_wconf 81' lang='lat' dir='ltr'><strong>amores</strong></span> 
     </span>
     <span class='ocr_line' id='line_1_26' title="bbox 320 3869 1388 3974; baseline 0.01 -24"><span class='ocrx_word' id='word_1_177' title='bbox 320 3875 469 3974; x_wconf 79' lang='lat' dir='ltr'><strong>segniter</strong></span> <span class='ocrx_word' id='word_1_178' title='bbox 504 3899 626 3952; x_wconf 88' lang='lat' dir='ltr'><strong>curare</strong></span> <span class='ocrx_word' id='word_1_179' title='bbox 655 3887 688 3951; x_wconf 89' lang='lat' dir='ltr'><strong>et</strong></span> <span class='ocrx_word' id='word_1_180' title='bbox 711 3878 784 3953; x_wconf 91' lang='lat' dir='ltr'><strong>aliis</strong></span> <span class='ocrx_word' id='word_1_181' title='bbox 814 3879 975 3955; x_wconf 88' lang='lat' dir='ltr'><strong>tutandos</strong></span> <span class='ocrx_word' id='word_1_182' title='bbox 1003 3869 1236 3974; x_wconf 84' lang='lat' dir='ltr'><strong>connnittere,</strong></span> <span class='ocrx_word' id='word_1_183' title='bbox 1271 3884 1388 3960; x_wconf 90' lang='lat' dir='ltr'><strong>minus</strong></span> 
     </span>
    </p>
   </div>
   <div class='ocr_carea' id='block_1_5' title="bbox 320 4000 1386 4229">
    <p class='ocr_par' dir='ltr' id='par_1_7' title="bbox 320 4000 1386 4229">
     <span class='ocr_line' id='line_1_27' title="bbox 321 4000 1386 4101; baseline 0.012 -28"><span class='ocrx_word' id='word_1_184' title='bbox 321 4001 458 4100; x_wconf 79' lang='lat' dir='ltr'><strong>ignavia</strong></span> <span class='ocrx_word' id='word_1_185' title='bbox 480 4000 665 4077; x_wconf 87' lang='lat' dir='ltr'><strong>inhibitum</strong></span> <span class='ocrx_word' id='word_1_186' title='bbox 692 4027 799 4101; x_wconf 88' lang='lat' dir='ltr'><strong>quam</strong></span> <span class='ocrx_word' id='word_1_187' title='bbox 825 4006 1043 4082; x_wconf 85' lang='lat' dir='ltr'><strong>verecundia.</strong></span> <span class='ocrx_word' id='word_1_188' title='bbox 1070 4008 1154 4084; x_wconf 90' lang='lat' dir='ltr'><strong>lnde</strong></span> <span class='ocrx_word' id='word_1_189' title='bbox 1174 4009 1213 4085; x_wconf 89' lang='lat' dir='ltr'><strong>fit</strong></span> <span class='ocrx_word' id='word_1_190' title='bbox 1239 4021 1277 4086; x_wconf 90' lang='lat' dir='ltr'><strong>ut</strong></span> <span class='ocrx_word' id='word_1_191' title='bbox 1305 4034 1386 4086; x_wconf 91' lang='lat' dir='ltr'><strong>snas</strong></span> 
     </span>
     <span class='ocr_line' id='line_1_28' title="bbox 320 4125 1382 4229; baseline 0.011 -31"><span class='ocrx_word' id='word_1_192' title='bbox 320 4135 433 4222; x_wconf 89' lang='lat' dir='ltr'><strong>partes</strong></span> <span class='ocrx_word' id='word_1_193' title='bbox 448 4125 483 4198; x_wconf 93' lang='lat' dir='ltr'><strong>in</strong></span> <span class='ocrx_word' id='word_1_194' title='bbox 494 4125 586 4216; x_wconf 91' lang='lat' dir='ltr'><strong>dolo,</strong></span> <span class='ocrx_word' id='word_1_195' title='bbox 599 4149 702 4223; x_wconf 76' lang='lat' dir='ltr'><strong>parem</strong></span> <span class='ocrx_word' id='word_1_196' title='bbox 714 4127 813 4216; x_wconf 85' lang='lat' dir='ltr'><strong>tinxit</strong></span> <span class='ocrx_word' id='word_1_197' title='bbox 825 4130 997 4206; x_wconf 81' lang='lat' dir='ltr'><strong>Palaestrio</strong></span> <span class='ocrx_word' id='word_1_198' title='bbox 1012 4155 1142 4227; x_wconf 88' lang='lat' dir='ltr'><strong>servus,</strong></span> <span class='ocrx_word' id='word_1_199' title='bbox 1154 4134 1382 4229; x_wconf 87' lang='lat' dir='ltr'><strong>conficiendo,</strong></span> 
     </span>
    </p>
   </div>
   <div class='ocr_carea' id='block_1_6' title="bbox 352 4364 713 4428">
    <p class='ocr_par' dir='ltr' id='par_1_8' title="bbox 352 4364 713 4428">
     <span class='ocr_line' id='line_1_29' title="bbox 352 4364 713 4428; baseline 0.006 -16"><span class='ocrx_word' id='word_1_200' title='bbox 352 4364 386 4428; x_wconf 80' lang='lat' dir='ltr'><strong>(l)</strong></span> <span class='ocrx_word' id='word_1_201' title='bbox 404 4364 616 4427; x_wconf 59' lang='lat' dir='ltr'><strong>attractentur,</strong></span> <span class='ocrx_word' id='word_1_202' title='bbox 635 4368 675 4426; x_wconf 84' lang='grc' dir='ltr'>ΙΙΙ,</span> <span class='ocrx_word' id='word_1_203' title='bbox 695 4367 713 4414; x_wconf 86' lang='lat' dir='ltr'><strong>l¹</strong></span> 
     </span>
    </p>
   </div>
   <div class='ocr_carea' id='block_1_7' title="bbox 0 0 1531 5266">
    <p class='ocr_par' dir='ltr' id='par_1_9' title="bbox 0 0 1531 5266">
     <span class='ocr_line' id='line_1_30' title="bbox 0 0 1531 5266; baseline 0 0"><span class='ocrx_word' id='word_1_204' title='bbox 0 0 1531 5266; x_wconf 95' lang='lat' dir='ltr'><strong> </strong></span> 
     </span>
    </p>
   </div>
  </div>
 </body>
</html>
