3030 5266
689 591 789 672 -155
809 628 849 639 ..

224 724 492 822 ,conjunxerunt
525 732 560 800 et
594 724 708 816 idem,
747 751 861 825 nuper
892 726 1179 820 adolescentulus,
1212 752 1305 806 nune

239 850 336 948 quasi
346 850 399 924 vir
412 849 532 936 factus
550 873 628 925 snos
641 874 775 927 amores
785 851 920 929 fortiter
930 862 1060 940 luetur,
1072 854 1302 952 ntqniminns

239 999 311 1050 suae
326 977 511 1073 voluptatis
524 976 670 1074 cupidus
683 978 727 1051 sit
739 1001 845 1075 quam
864 979 966 1053 officii
981 987 1096 1054 tenax.
1120 979 1306 1055 Amoribus

238 1100 364 1175 deinde
392 1101 501 1175 mullo
528 1102 682 1199 periculo
718 1103 959 1179 circumventis
983 1113 1018 1178 et
1051 1103 1302 1197 laborantibus,

237 1234 340 1323 atqua
369 1225 469 1300 simul
501 1234 675 1302 crescente
703 1228 852 1327 Glycerii
878 1228 1021 1318 timore,
1055 1227 1161 1302 fidem
1187 1229 1303 1304 datam

237 1349 459 1426 concitatiore
474 1351 591 1426 animo
606 1351 789 1428 confirmat
804 1378 813 1425 :

998 1549 1089 1624 Mysis,

272 1636 324 1692 Per
336 1637 426 1694 omnis
440 1637 489 1693 tibi
504 1635 599 1708 adjuro
612 1635 688 1704 deos,
705 1653 851 1711 numquam
866 1654 927 1694 eam
941 1655 985 1694 me
999 1639 1182 1709 deserturum,

271 1727 339 1798 Non,
356 1729 379 1784 si
394 1727 542 1802 capiundos
556 1727 623 1783 mihi
640 1728 725 1784 sciam
739 1745 800 1784 esse
814 1728 938 1784 inimicos
953 1729 1040 1784 omnis
1055 1729 1189 1785 homines

271 1818 346 1875 Hanc
360 1818 397 1874 mi
413 1817 550 1892 expetivi3
566 1817 697 1889 conligit:
715 1819 878 1874 conveniunt
893 1834 1001 1874 mores:
1018 1818 1125 1875 valeant

271 1909 321 1974 Qui
333 1909 405 1965 inter
417 1926 466 1965 nos
476 1907 620 1964 discidium
630 1907 724 1965 volunt
736 1926 742 1962 ε
755 1907 825 1964 hanc
840 1908 894 1963 nisi
910 1926 984 1965 mors
996 1909 1033 1963 mi
1045 1907 1147 1966 adimet
1159 1913 1260 1983 nemo(
1280 1913 1300 1984 ).

233 2108 325 2180 Dum
338 2106 413 2181 baec
425 2131 507 2183 vera
521 2117 639 2184 mente
649 2108 886 2205 promittebat,
898 2130 967 2182 non
981 2108 1063 2182 satis
1073 2107 1137 2180 sibi
1147 2109 1302 2184 conscius

234 2241 308 2307 erat
332 2242 502 2330 quantum
526 2256 609 2332 erga
643 2243 778 2330 patrem
807 2233 931 2307 caritas
959 2232 1052 2331 apud
1085 2256 1121 2308 se
1148 2233 1297 2324 valoret3

232 2361 333 2456 eujus
367 2359 487 2456 optimi
513 2359 618 2456 patris
642 2358 739 2433 dolor
774 2359 808 2431 in
840 2357 954 2433 tristes
988 2359 1146 2456 querelas
1173 2358 1301 2434 effusus

233 2484 402 2581 Pamphili
416 2483 843 2560 sententiam'obstinatam
860 2483 908 2559 ita
920 2492 1036 2558 movet
1051 2493 1085 2558 et
1099 2483 1296 2576 labefactat,

232 2618 269 2682 ut
288 2617 421 2685 amator
440 2635 476 2685 se
504 2610 594 2685 vinci
621 2609 763 2684 tandem
790 2608 971 2700 exclamet,
1003 2609 1128 2707 dignus
1153 2610 1292 2707 quidem

220 2744 347 2822 ‚nostro
365 2735 480 2811 studio
493 2758 603 2833 quum
622 2758 658 2809 se
678 2735 836 2833 Glycerio
855 2733 1011 2826 dederet,
1034 2734 1171 2833 dignior
1191 2736 1296 2811 etiam

230 2883 341 2957 quum
354 2863 502 2936 amicam
519 2860 643 2933 invitus
659 2858 878 2933 dilectissimo
894 2857 982 2954 patri
997 2858 1167 2934 condonat
1187 2885 1196 2932 ε

303 3073 359 3150 Ego
372 3094 415 3132 me
431 3093 523 3132 amare
538 3074 606 3131 banc
621 3075 725 3131 fateor:
742 3074 765 3130 si
779 3074 807 3130 id
818 3082 970 3149 peecarest,
986 3075 1075 3132 fateor
1090 3074 1118 3130 id
1132 3090 1250 3149 quoque.

303 3168 373 3236 Tibi,
389 3174 477 3241 pater,
492 3183 535 3222 me
549 3165 628 3221 dedo.
645 3164 756 3229 Quidvis
770 3163 863 3220 oneris
875 3164 986 3239 inpone,
1000 3164 1105 3237 inpera.

298 3257 344 3314 llis
359 3274 402 3314 me
416 3273 529 3313 uxorem
545 3254 668 3311 duceret
687 3254 756 3310 hane
770 3252 812 3310 vis
828 3253 959 3310 mittere?
974 3261 1004 3310 ut
1017 3260 1125 3327 potero,
1140 3253 1226 3310 terem
1241 3252 1291 3324 (ἓ).

225 3442 346 3517 Nullus
374 3439 527 3537 profecto
555 3438 645 3536 apud
670 3436 872 3513 Terentium
897 3444 1149 3532 amatoresque
1168 3433 1292 3533 dignus

225 3575 277 3642 est
298 3565 457 3640 euidens
476 3588 518 3639 ex
535 3563 707 3649 machina,
729 3584 854 3659 nempe
872 3560 967 3635 Crito
986 3582 1089 3635 senex
1110 3582 1153 3634 ex
1172 3557 1290 3632 Andro

225 3691 423 3783 advenienS,
449 3689 637 3786 opituletur
660 3696 695 3762 et
722 3695 916 3791 opportune
939 3684 1073 3759 nuntiet
1093 3682 1288 3782 Glycerium

222 3818 315 3894 bono
334 3823 584 3916 genereortam
606 3836 692 3903 esse,
716 3813 763 3885 ite
786 3818 824 3885 ut
852 3809 1064 3884 lenissimum
1090 3816 1224 3905 patrem
1255 3818 1290 3883 et

222 3927 450 4044 gratissimam
467 3941 629 4029 amicam,
647 3939 737 4012 salvo
757 3935 886 4025 olticio,
905 3934 1008 4008 simul
1028 3956 1147 4009 amare
1167 3934 1285 4031 possit.

270 4070 366 4147 Adde
380 4068 472 4168 qnod
486 4066 688 4164 Pamphilus
702 4086 780 4172 non,
799 4069 935 4137 tantum
952 4059 1079 4134 amoris
1095 4059 1288 4135 constantia

253 4306 286 4370 (l)
302 4304 393 4364 Andr„
410 4304 447 4364 lll,
463 4303 486 4352 t.

251 4387 285 4452 (l)
302 4385 394 4445 Auel,
408 4387 436 4445 V,
452 4383 474 4434 3.

345 4485 444 4526 anunm.
