3030 5266
566 551 725 612 ‚45-

112 687 199 759 Vota
222 693 355 760 tantum
380 684 538 761 iaciendo
563 709 625 759 suo
646 684 737 783 patri
760 684 954 760 imminenti
981 686 1175 778 insidiatur,

112 818 215 907 atque
227 811 331 886 etiarn
347 811 381 884 in
397 811 481 886 votis
498 834 568 885 non
584 833 723 886 onmem
743 810 905 907 pietatem
920 811 1035 886 exuit:

112 1021 256 1080 (lm—Ain
267 1031 371 1098 patrem
382 1024 444 1081 hinc
455 1024 545 1081 abisse
556 1041 612 1081 rus.

468 1150 531 1207 Suu.
549 1182 584 1192 -
598 1150 657 1206 lam
674 1149 785 1205 dudum.

682 1274 728 1333 Cr.
744 1307 779 1315 -
794 1273 841 1330 llic
856 1274 946 1331 sodes.

815 1401 879 1457 Sua.
896 1434 931 1444 —
946 1402 1024 1475 Apud
1039 1365 1178 1461 villamst:

185 1491 260 1548 Nunc
273 1508 355 1565 quom
368 1507 493 1547 maxume
506 1490 598 1564 operis
612 1490 716 1563 aliquid
730 1491 820 1547 lacere
836 1491 928 1548 credo.

822 1617 867 1673 Cr.
884 1647 919 1659 -
933 1616 1042 1674 Utinam
1050 1617 1176 1690 quidem:

184 1707 260 1772 Quod
275 1724 336 1762 cum
350 1705 438 1761 salute
452 1704 511 1776 ejus
525 1703 579 1773 ssat,
594 1704 633 1759 ita
646 1720 676 1759 se
690 1704 845 1778 defetigarit
857 1706 949 1775 velim,

183 1796 216 1852 Ut
231 1796 320 1852 triduo
335 1795 387 1850 hoc
404 1801 535 1867 perpetuo
551 1809 677 1866 prorsum
693 1809 707 1846 e
724 1792 794 1849 lecto
810 1803 928 1867 nequeat
943 1813 1056 1868 surgere
1072 1799 1122 1870 (l).

111 1976 263 2049 Anxium
290 1984 324 2050 ct
351 1974 555 2071 impeditum
584 1982 788 2061 amatorem,
818 1998 888 2049 non
913 1983 1028 2051 autem
1056 1978 1177 2053 stolide

110 2109 308 2200 gementem
336 2108 370 2175 et
401 2100 658 2188 lacrimantem,
688 2099 807 2174 leviter
838 2108 873 2174 et
899 2102 997 2197 quasi
1028 2102 1176 2201 benigne

111 2225 290 2299 Terentius
314 2224 446 2313 irridet,
468 2233 505 2297 ut
525 2223 623 2298 decet
637 2223 771 2298 irrideri
793 2224 1044 2301 adolescentem
1064 2227 1177 2324 potius

110 2350 154 2423 ob
171 2350 351 2425 honestam
373 2373 478 2446 quarn
500 2350 544 2423 ob
561 2349 713 2445 ineptam
741 2357 902 2424 naturam
927 2349 1058 2426 fraudis
1076 2352 1178 2427 inve·

111 2476 246 2551 niendae
263 2475 476 2573 imperitum.

161 2602 314 2676 AEschini
325 2601 467 2698 quidem
476 2602 633 2676 lascivius
642 2611 677 2676 et
688 2600 854 2675 audacius
864 2601 1056 2699 ingenium,
1071 2600 1177 2698 patris

110 2725 261 2822 adoptivi
274 2726 414 2801 lenitate
432 2727 536 2801 etiarn
552 2726 753 2818 excitatum,
774 2726 808 2799 in
824 2749 987 2825 maguam
1000 2725 1177 2800 licentiam

111 2851 261 2926 effusum
276 2862 339 2926 est.

182 3044 267 3108 Quam
280 3041 389 3097 hicnon
401 3039 501 3096 amavit
514 3039 710 3095 meretricem?
723 3045 769 3094 aut
782 3037 846 3112 quoi
858 3055 912 3094 non
925 3038 999 3096 dedit

181 3132 291 3206 Aliquid
306 3131 371 3202 (atr

111 3304 182 3399 ipse
204 3300 304 3374 llicio
332 3298 397 3388 ait,
433 3319 633 3397 quanquam
657 3297 733 3395 ejus
761 3288 935 3395 praeterita
965 3297 1055 3395 lacta
1083 3300 1174 3374 facili

111 3427 228 3501 animo
242 3433 409 3500 recenset.
425 3427 511 3512 Quae
525 3422 679 3498 facinora
691 3445 793 3497 ausus
807 3423 924 3514 fuerit,
943 3424 998 3497 alii
1016 3424 1173 3522 quidem,
1290 3426 1293 3431 ’

112 3575 180 3627 non
211 3550 287 3647 sibi,
310 3546 523 3646 profuturus,
552 3547 767 3645 Ctesiphonis
796 3547 907 3647 gratia
934 3555 968 3622 et
992 3548 1175 3624 admiratio

110 3679 191 3753 satis
210 3699 272 3751 nos
298 3675 501 3749 docuerunt.
533 3673 596 3748 Hie
623 3683 739 3748 tamen
767 3672 952 3748 effrenatus
978 3672 1175 3749 adolescens

109 3803 239 3901 aliquid
286 3799 506 3876 verecundia
545 3808 649 3897 atque
694 3798 800 3874 etiam
832 3797 992 3871 bonitatis
1034 3799 1170 3890 retinet,

110 3939 145 4004 et
176 3930 293 4003 animo
321 3949 440 4003 revera
468 3925 662 4001 meliorest
693 3948 799 4022 quam
832 3922 923 3998 lama
955 3924 1170 4020 perhibetur.

111 4055 178 4145 Qui
200 4076 312 4152 nuper
336 4051 467 4129 lenonis
493 4049 584 4124 aedes
612 4048 860 4148 perfringebat,
885 4049 1048 4123 lenonem
1070 4050 1172 4125 minis

143 4270 177 4335 u)
194 4269 341 4331 uu.‚1v,r.

143 4351 177 4417 (a)
193 4351 254 4412 Au,
270 4352 291 4413 1,
305 4351 329 4400 a.
