3030 5266
776 507 873 567 -iss
900 541 937 552 ...

315 639 484 717 dextrum
497 663 541 716 au
559 641 681 716 laevum
702 664 804 716 suum
828 641 918 715 latus
932 640 1046 730 feriat,
1069 640 1145 738 ejus
1161 649 1198 714 ut
1211 640 1403 728 acimum,

323 768 372 843 sic
399 766 553 866 gladium
573 790 775 866 suspensum
797 765 856 841 diu
876 766 1197 842 mansurumluisse
1216 767 1405 864 conjicere

323 891 415 981 licet,
441 891 575 968 etiamsi
602 915 670 966 uua
694 891 871 967 Selenium
895 889 1131 968 intervenisset
1154 890 1187 964 iu
1217 890 1287 965 vita
1313 892 1404 968 vitae

326 1027 484 1093 tenacem
504 1016 603 1117 facile
622 1026 798 1093 retentura
813 1019 873 1112 (l).

372 1141 617 1218 Alcesimarchi
638 1164 822 1218 ruoercrem
844 1141 985 1217 Charini
1003 1140 1101 1216 dclcr
1123 1142 1157 1214 iu
1180 1143 1399 1232 Mercatore,

324 1267 448 1342 amissa
468 1267 593 1360 amica,
623 1267 795 1343 feracibus
824 1277 859 1342 et
881 1266 1043 1342 inanibus
1080 1266 1227 1342 consiliis
1257 1279 1400 1366 aequat,

325 1392 476 1469 amentia
505 1401 657 1492 superat.
685 1391 859 1483 Quamdiu
887 1392 1023 1491 Prclcgi
1051 1401 1164 1491 partes
1182 1391 1267 1490 agit,
1284 1416 1404 1470 sanus

324 1541 423 1594 sanas
437 1518 636 1616 alloquitur,
652 1527 687 1594 et
701 1527 822 1616 sponte
839 1526 1012 1594 amatores
1024 1517 1145 1596 irridet

760 1774 810 1840 Qui
825 1782 871 1832 aul
886 1774 963 1832 Nacti
978 1783 1025 1833 aut
1044 1775 1093 1834 Die

467 1867 518 1922 ‚lut
533 1865 587 1922 Soli
603 1874 649 1922 aut
664 1865 744 1922 Lunae
758 1864 882 1923 miserias
896 1872 1009 1923 narrant
1023 1883 1086 1924 suas
1101 1866 1151 1938 (2).

374 2084 494 2160 Fusius
515 2091 697 2160 enumerat
728 2083 808 2158 vitia
823 2106 902 2181 quaa
928 2105 1083 2159 amarem
1106 2081 1228 2160 sectari
1254 2082 1400 2172 salent;'

324 2211 415 2286 idem
442 2232 522 2286 vera
544 2219 640 2285 extra
665 2210 844 2309 prologum
867 2208 920 2283 llis
947 2208 1037 2282 vitiis
1062 2207 1139 2306 plus
1163 2230 1267 2306 quam
1291 2206 1395 2284 decet

323 2336 470 2412 labaret.
494 2336 646 2411 Athenas
662 2334 769 2424 euim,
788 2335 844 2410 ubi
872 2335 1089 2410 meretricem
1113 2333 1212 2410 valde
1235 2333 1392 2425 amabat,

324 2484 431 2559 quum
447 2459 736 2558 paterindcccrcs
757 2467 791 2534 et
814 2469 1032 2557 sumptuosas
1053 2481 1188 2534 amares
1213 2457 1337 2555 saepius
1361 2460 1394 2535 ci

277 2664 280 2671 ,
324 2585 501 2686 abjiceret,
527 2586 726 2684 reliqueret,
745 2595 780 2659 ut
804 2583 967 2661 Rhodum
983 2592 1174 2660 mercatum
1194 2584 1276 2672 iret3
1299 2607 1394 2659 mer-

315 2697 431 2799 cibus,
455 2735 541 2809 quas
566 2719 739 2802 avexerat,
764 2708 892 2808 cptimu
922 2709 1078 2815 venditis,
1094 2708 1139 2783 ab
1154 2707 1222 2783 alia
1246 2708 1394 2785 muliere

323 2836 449 2912 eximia
469 2836 594 2926 l'orma,
616 2836 757 2911 immine
777 2835 1009 2933 Pasicompsa,
1031 2835 1102 2932 jam
1122 2833 1246 2910 veleris
1264 2835 1395 2909 amaris

323 2963 462 3052 oblitus,
478 2963 525 3035 ita
543 2971 656 3036 matus
668 2970 703 3036 et
720 2960 897 3036 devinctus
909 2972 972 3050 est,
987 2968 1022 3034 ut
1034 2983 1110 3034 eam
1126 2958 1277 3034 Athenas
1288 2959 1393 3034 simul

324 3111 365 3162 ac
383 3088 520 3161 lucrum
541 3087 661 3184 iugens
674 3084 863 3160 reduxerit.
889 3086 1001 3172 Quam
1018 3083 1157 3181 quidem
1176 3091 1273 3182 pater
1287 3106 1394 3159 ema·

325 3212 422 3301 laria,
438 3190 589 3285 causiliis
602 3209 723 3284 melier
742 3233 847 3307 quam
869 3209 1034 3297 muribus,
1054 3209 1107 3282 vix
1120 3208 1394 3306 adspectamsilri

326 3336 453 3412 habere
473 3335 614 3432 cupivit,
638 3343 671 3410 et
698 3335 799 3409 aurici
826 3334 895 3409 ficti
923 3333 1062 3408 ucmiue
1087 3334 1154 3409 emi
1169 3332 1283 3433 jussit.
1308 3334 1394 3410 lude

325 3463 497 3538 Charinus
512 3461 617 3553 dalet,
627 3471 661 3535 et
675 3461 801 3534 multas
815 3459 1047 3558 questuserlit‚
1062 3482 1155 3535 nunc
1166 3482 1286 3559 graves
1297 3483 1394 3534 arria·

326 3610 451 3686 rosque
472 3597 505 3662 et
533 3585 651 3660 anima
678 3607 760 3662 rere
785 3593 878 3661 motu
903 3584 1040 3676 effusas,
1068 3577 1161 3660 cunc
1186 3579 1394 3661 inflata'aut

314 3711 855 3813 ‚affectatacraticuccorruptas.
1370 3704 1372 3709 ’

359 3975 393 4040 ll)
411 3977 524 4037 Quamvis
539 3976 679 4029 Cistellaria
696 3991 744 4026 acu
758 3979 788 4025 ad
804 3992 848 4027 nas
869 3979 964 4042 integra
985 3978 1134 4042 peruenerit,
1149 3980 1245 4027 canstat
1264 3980 1347 4026 tarueu
1362 3991 1393 4026 ex

327 4056 438 4106 versibus
452 4058 483 4106 ab
498 4060 589 4121 angelo
611 4057 659 4107 Mai
681 4057 801 4107 restitutis
822 4059 997 4109 Alcesimaralri
1024 4056 1151 4107 stultitiam
1168 4058 1248 4107 eundo
1264 4056 1390 4107 crevisse:

327 4135 421 4186 utinam
441 4137 522 4200 patius
543 4139 590 4188 loci
605 4139 695 4188 redditi
710 4139 812 4188 luissent
826 4140 850 4188 in
864 4140 952 4201 quibus
967 4155 1016 4191 nun
1032 4142 1112 4189 latum
1130 4143 1232 4200 uniatur,
1248 4139 1290 4190 sed
1305 4152 1393 4188 amau-

326 4218 422 4269 tisaima
435 4219 517 4282 puella
529 4219 671 4284 appareret!

356 4299 391 4363 (a)
411 4299 542 4359 Mereatur,
559 4299 617 4358 1‚l.
