3030 5266
695 605 855 668 „34-

243 738 388 814 Chaerea
413 740 448 813 in
478 740 543 815 hcc
572 742 695 815 saltent
725 742 890 837 majorem
927 764 1061 816 rnnrunr
1103 743 1321 831 rnudestiarn

243 865 390 939 ostendit
406 866 498 962 quud
520 889 587 940 nen
614 868 729 963 plures
751 868 914 941 mulieres
933 867 989 941 diu
1010 877 1166 957 venatur,
1192 871 1323 966 nuptis

243 990 401 1083 abstinet,
421 1001 455 1065 et
469 992 576 1065 anirni
593 993 699 1090 magis
714 993 866 1067 ardentis
880 1017 983 1090 quarn
1003 993 1186 1081 libidnnsi,
1205 996 1320 1092 virgi·

193 1171 195 1176 -
244 1141 322 1192 neni
338 1142 359 1190 a
378 1140 414 1191 se
435 1118 602 1216 pollutanr
630 1140 771 1193 uxoren]
801 1127 920 1215 sponte
945 1119 1039 1193 ducit
1048 1147 1057 1207 ;
1089 1119 1320 1195 Cherubinus

242 1250 357 1318 autern
384 1243 517 1317 ancillae
543 1244 645 1317 simul
673 1267 714 1319 uc
735 1244 898 1336 deminae,
928 1246 1131 1342 contemptis
1157 1246 1314 1337 maritiS,

241 1370 432 1461 blanditur,
466 1370 561 1445 basia
591 1371 667 1463 alii,
696 1370 752 1444 alii
782 1367 958 1444 fasciolam
993 1369 1145 1458 furatur,
1177 1373 1315 1446 hunam

170 1585 173 1590 Ι
241 1505 378 1571 aetatcm
395 1497 533 1584 rnavult,
552 1497 610 1572 sed
627 1520 669 1572 ne
681 1504 851 1569 rnaturanr
867 1495 1007 1593 quidem
1020 1492 1147 1569 fastidit
1164 1495 1228 1592 (l),
1252 1521 1316 1594 pc-

241 1624 307 1696 tius
318 1623 457 1697 lascivia
475 1622 643 1720 irnpnlsus
657 1646 761 1720 quam
772 1644 853 1696 vero
866 1603 984 1696 airrure
997 1630 1116 1718 captus
1131 1622 1311 1719 fixusque.

241 1749 436 1844 Promptior
454 1758 505 1823 est
518 1749 800 1824 etvehementicr
823 1748 965 1823 alterius
986 1755 1123 1837 natura,
1147 1747 1206 1823 sed
1224 1773 1312 1846 quea

239 1874 339 1947 citius
353 1874 562 1950 defervescat
576 1876 658 1950 etin
672 1883 802 1949 rectam
820 1875 909 1948 viani
931 1897 967 1948 se
982 1874 1145 1973 recipiat3
1163 1873 1312 1949 alterius

239 2000 352 2096 specie
373 1999 485 2096 inagis
503 2000 623 2075 timida
642 2009 677 2101 et
700 2001 853 2090 innoxia,
874 1999 932 2075 sed
957 2024 1036 2098 quae
1061 1999 1195 2097 rnaj0ra
1217 2024 1313 2096 pau-

239 2126 335 2199 latim
371 2127 516 2216 audeat,
561 2125 707 2201 feminas
745 2127 899 2200 incautas
935 2149 1045 2222 usque
1081 2124 1123 2199 ad
1164 2126 1312 2222 culpam

238 2252 401 2342 emolliat,
417 2259 452 2326 et
466 2251 599 2326 illicitas
614 2254 803 2349 voluptates
815 2252 876 2342 din
890 2261 1008 2327 secuta
1029 2251 1129 2326 honis
1149 2252 1313 2326 muribus

238 2379 376 2478 gravius
391 2378 558 2461 damnum
575 2379 708 2455 afferat.

285 2505 456 2598 Phaedria,
482 2505 634 2580 Chaereae
660 2505 779 2593 frater,
811 2507 846 2578 in
869 2505 1060 2581 meretricis
1086 2504 1185 2593 retia,
1215 2505 1311 2580 sicut

236 2630 390 2727 plerique
405 2631 496 2729 apud
517 2632 675 2705 Plautum
696 2631 940 2723 adolescentes
959 2632 1072 2729 lapsus
1086 2640 1158 2718 est;
1184 2653 1310 2727 quan-

235 2763 310 2829 turn
337 2763 450 2831 autern
482 2755 526 2829 ab
542 2756 607 2828 illis
630 2757 783 2854 ingenua
805 2757 922 2832 aninru
948 2756 1136 2852 discrepat!
1163 2756 1208 2828 Ut
1230 2759 1311 2852 ejus

236 2903 348 2970 amor,
375 2881 609 2978 qualicunque
637 2882 740 2957 nrodc
764 2882 926 2968 allicitur,
955 2883 1024 2956 sive
1053 2879 1190 2969 diffidit,
1227 2881 1309 2958 sive

197 3006 406 3096 ·.irascitur‚
432 3028 498 3080 nec
523 3006 710 3080 verborum
736 3007 948 3106 turpitudine
978 3013 1038 3080 aut
1064 3005 1200 3080 lascivia
1219 3027 1308 3080 cor-

234 3131 427 3227 rumpitur,
465 3153 530 3206 nec
569 3131 732 3207 indecora
764 3133 932 3229 sapientia
964 3131 1173 3230 refrigescit!
1213 3133 1308 3209 Illud

234 3256 358 3330 mentis
371 3278 533 3346 acumen,
550 3279 617 3354 quc
638 3257 786 3331 Plautini
806 3266 977 3333 amatores
994 3255 1076 3333 suus¹
1095 3258 1157 3354 ipsi
1179 3280 1308 3334 sensus

233 3381 391 3455 subtilius
415 3381 613 3480 dispiciunt,
644 3391 679 3457 et
706 3406 769 3456 sua
790 3383 932 3458 consilia
956 3383 991 3456 in
1015 3407 1144 3458 vanurn
1162 3382 1309 3460 abitura

234 3529 306 3580 esse
338 3507 586 3604 praenuntiant,
619 3508 711 3605 apud
746 3508 970 3584 Terentianus
1002 3509 1077 3607 ipsa
1113 3509 1144 3583 vi
1171 3511 1308 3585 ameris

233 3632 449 3707 obtunditur.
467 3632 639 3707 Amatoris
654 3633 764 3707 varias
785 3634 1010 3731 cogitationes
1033 3646 1066 3710 et
1088 3634 1308 3712 imbecillam

232 3758 442 3832 veluntatem
458 3757 568 3831 fusius
581 3757 735 3854 depingit
749 3781 819 3832 non
830 3769 964 3834 amator
981 3761 1068 3858 ipse,
1080 3760 1136 3835 sed
1152 3783 1307 3856 persona

235 3883 341 3980 tnagis
354 3885 406 3957 sui
425 3904 578 3982 compos,
595 3884 770 3974 amentiae,
798 3909 904 3982 quarn
925 3886 1094 3984 increpat,
1116 3907 1185 3959 nun
1210 3909 1308 3983 par—

232 4009 351 4106 ticeps,
393 4010 452 4085 scd
491 4016 626 4083 tantum
664 4009 777 4100 testis,
809 4035 879 4108 qua
914 4012 1097 4110 loquente,
1143 4010 1309 4091 muribus

231 4132 407 4231 descriptis
434 4158 477 4210 eo
506 4133 981 4231 vehementins'gdelectamur
1003 4160 1072 4236 qne
1100 4135 1309 4235 diligentius

261 4411 270 4475 l
274 4411 295 4477 1)
312 4411 344 4464 Le
353 4409 462 4479 Marlcpe
471 4413 501 4464 dc
510 4413 609 4478 Fipuru,
621 4419 674 4465 acte
689 4416 709 4476 Ι,
722 4430 756 4465 sc.
770 4426 813 4465 tn.
