3030 5266
757 585 896 646 ..6-

181 788 183 792 ,
294 723 359 796 bus
381 743 449 795 non
472 727 604 793 tanturn
628 719 841 816 inquinatus,
863 717 922 794 sed
943 719 1090 794 inlectus
1116 744 1188 795 esse
1213 721 1357 795 videtur.

295 848 483 942 Postquam
503 844 546 916 ab
566 852 681 917 amata
701 843 883 918 meretrice
907 843 1021 917 nudos
1047 854 1081 918 et
1109 844 1248 918 infamis
1264 853 1361 918 extra

294 971 386 1046 fores
399 971 530 1068 ejectus
546 969 621 1056 luit,
633 968 777 1042 domum
789 969 1006 1059 damnosam,
1017 978 1056 1042 ut
1068 971 1220 1066 primum
1233 970 1361 1064 aliquid

295 1084 441 1193 collegit,
457 1118 575 1167 rursus
589 1094 734 1184 obsidet,
747 1103 782 1168 et
793 1094 1022 1168 Phronesium
1033 1094 1362 1192 vehementerrogat

297 1230 333 1293 ut
345 1219 458 1315 ipsum
483 1218 625 1293 omnino
651 1219 733 1294 velit
753 1219 917 1315 expilare.
941 1221 1042 1292 Hunc
1061 1218 1214 1317 profecto
1242 1220 1362 1293 credas

295 1344 438 1420 libidine
454 1354 664 1419 occaecatum
676 1334 765 1433 esse,
778 1344 842 1417 nisi
855 1344 975 1418 audias
994 1345 1037 1420 de
1055 1345 1259 1420 meretriciis
1278 1344 1363 1418 dolis

297 1469 436 1544 uberius
474 1469 708 1558 disserentem,
743 1478 847 1566 atque
882 1477 1074 1565 spectantes
1110 1471 1290 1544 docentem
1326 1478 1364 1542 ut

297 1617 417 1668 amans
445 1595 479 1667 in
509 1594 595 1668 retia
623 1594 747 1668 sensim
775 1593 974 1686 inducatur,
998 1595 1039 1667 iis
1066 1595 1251 1692 implicitus
1281 1596 1365 1669 reti-

298 1727 432 1808 neatur,
454 1727 501 1808 et,
521 1720 591 1793 sive
606 1719 826 1817 superbiente
838 1720 962 1808 amica,
985 1720 1054 1794 sire
1072 1720 1258 1820 arridente,
1271 1743 1365 1794 nunc

299 1845 430 1936 animo,
454 1868 549 1918 nunc
568 1867 606 1918 re
622 1853 753 1942 pereat.
776 1845 990 1919 Meretricem
1008 1846 1097 1919 intra
1121 1854 1236 1920 cutem
1257 1846 1362 1935 novit,
1467 1848 1470 1852 '

300 1970 470 2045 mendacii
490 1978 524 2044 et
538 1969 656 2042 damni
679 1970 832 2066 plenam,
850 1993 969 2043 causas
985 1969 1174 2068 fingentem
1190 1995 1231 2045 ac
1248 1994 1366 2046 seren-

299 2106 370 2170 tem
394 2105 432 2168 ut
464 2118 588 2168 aurunt
619 2096 765 2169 amatori
788 2105 1002 2194 extorqueat,
1029 2104 1064 2170 et
1090 2098 1289 2194 priusquam
1309 2097 1367 2170 hic
1442 2171 1444 2176 ,

302 2244 411 2296 unum
428 2220 573 2312 dederit,
586 2230 741 2310 centurn,
758 2244 836 2318 quaa
851 2229 982 2318 poscat,
1001 2231 1195 2317 parantem.
1212 2224 1281 2297 Nec
1296 2224 1367 2295 rni-

302 2370 368 2420 nus
380 2347 505 2421 aeriter
520 2346 555 2418 in
572 2346 780 2420 amatoribus
794 2347 972 2421 stultitiam
986 2345 1183 2445 exprobrat,
1200 2356 1366 2444 tanquam

303 2472 330 2544 si
340 2479 473 2546 rectum
483 2471 657 2568 judicium
673 2472 742 2567 ipse
757 2495 937 2569 nunquam
948 2472 1113 2561 amiserit,
1130 2479 1188 2544 ant
1202 2472 1366 2545 amissum

303 2595 443 2670 tandem
459 2596 641 2692 receperit3
667 2598 715 2670 ita
735 2620 816 2671 vero
828 2596 1008 2671 dissimiles
1024 2596 1067 2669 ab
1080 2596 1234 2669 oratione
1254 2620 1367 2671 mores

303 2720 455 2810 exbibet,
470 2729 509 2794 ut
523 2743 592 2795 non
605 2722 767 2796 eumdem
783 2722 877 2818 loqui
894 2729 927 2795 et
946 2744 1048 2820 agere
1066 2721 1198 2810 credas,
1215 2729 1249 2796 et
1267 2744 1366 2818 paene

303 2828 512 2922 eiinclames
529 2856 564 2921 ut
583 2848 770 2921 autminus
790 2847 824 2920 in
844 2846 1014 2944 loquendo
1032 2848 1155 2945 sapiat,
1179 2847 1367 2921 autminus

260 2974 263 2979 ’
304 2973 339 3044 in
374 2973 508 3070 agendo
543 2973 698 3071 desipiat.
734 2973 830 3047 Adde
864 2973 955 3070 quod
988 2973 1192 3070 Astaphium
1229 2973 1364 3061 ancilla,

303 3097 407 3169 etiam
429 3099 455 3169 si
482 3121 588 3192 quarn
603 3096 852 3170 dubitationem
879 3097 922 3170 de
936 3097 1033 3171 ueris
1062 3097 1239 3170 Phronesii
1260 3098 1367 3170 sensi-

303 3219 367 3293 bus
403 3221 597 3295 Dinarchus
627 3221 777 3296 retinere
810 3221 924 3312 vellet,
955 3221 1029 3318 ipsa
1059 3222 1200 3295 omnino
1234 3224 1368 3297 tolleret

303 3355 423 3442 aperta
437 3347 604 3420 sermonis
621 3346 840 3443 protervitate
863 3375 871 3418 :
896 3369 978 3420 enm
993 3346 1086 3420 eninr
1105 3348 1176 3421 sine
1194 3348 1270 3421 ullis
1285 3349 1365 3445 opi-

303 3471 367 3544 bus
390 3470 629 3545 advenientem
649 3469 791 3561 fastidit,
819 3493 930 3546 meres
957 3471 1192 3568 querimonias
1213 3474 1257 3547 ad
1280 3475 1367 3548 arni-

304 3618 380 3669 cam
416 3595 618 3672 afferentem
652 3595 797 3669 mortuis
826 3605 1051 3686 annumerat,
1082 3620 1146 3672 nec
1175 3621 1272 3693 posse
1303 3599 1365 3670 nisi

303 3721 445 3796 divitem
486 3721 529 3794 ab
568 3722 653 3796 bera
690 3722 800 3794 amari
834 3720 939 3794 etiam
978 3730 1082 3820 etque
1114 3724 1218 3796 etiam
1256 3722 1368 3821 profi-

302 3853 408 3937 tetur,
422 3847 566 3944 jamque
581 3846 672 3920 dicta
685 3846 782 3920 factis
795 3846 1035 3943 comprobans,
1051 3847 1277 3940 Dinarchum,
1296 3858 1366 3921 sta-

303 3973 367 4044 tim
387 3982 425 4046 ut
445 3972 570 4046 fundos
591 3983 625 4047 et
643 3972 734 4047 mdes
751 3972 813 4045 sibi
836 3995 1012 4069 superesse
1040 3973 1228 4062 contendit,
1256 3974 1368 4048 verbis

303 4097 430 4170 amaris
458 4098 570 4171 subito
592 4098 693 4173 melle
721 4096 874 4192 imbutis,
891 4096 1016 4172 blande
1040 4097 1241 4195 alloquitur,
1264 4101 1367 4172 unice

302 4221 397 4313 diligi
426 4222 577 4312 dictitat,
599 4230 633 4297 et
656 4222 799 4297 domum
835 4246 948 4319 nuper
963 4218 1123 4296 'clausam
1152 4223 1365 4322 ingrediatur

300 4346 524 4422 vehementer
537 4358 648 4445 rogat.
