3030 5266
617 524 754 582 ..9-

155 658 329 733 Calliclem
343 665 441 757 rogat
454 663 491 730 ut
503 679 538 731 se
548 657 637 730 sinat
649 656 786 754 culpam
797 655 1016 731 matrimonio
1026 656 1215 754 corrigere,

154 793 188 859 et
201 784 379 858 occasione
395 791 469 857 tum
482 784 561 858 data
580 792 712 858 veteres
731 782 847 856 sordes
863 781 1015 870 eluendi,
1031 803 1098 854 non
1118 781 1219 854 absti-

155 918 211 982 net
227 909 311 1006 quin
327 932 431 983 nevas
450 909 552 983 simul
572 909 763 983 contrahat.
784 908 948 996 Quamvis
962 908 1055 981 enim
1071 929 1216 1004 puerum

155 1034 348 1109 meretricia
369 1034 490 1109 lraudc
509 1036 722 1132 suppositum
743 1058 764 1107 a
783 1058 819 1108 se
839 1058 857 1108 e
877 1033 1023 1108 Calliclis
1039 1032 1110 1106 filia
1131 1056 1218 1130 prc-

154 1167 308 1233 creatum
321 1182 395 1234 esse
409 1161 590 1248 audiverit,
611 1159 705 1232 hune
719 1167 834 1232 tamen
855 1158 1042 1232 Phronesic
1057 1156 1216 1233 fraudem

155 1285 327 1381 inceptam
339 1285 508 1360 conticere
522 1293 557 1358 et
579 1283 724 1357 militem
740 1283 882 1356 omnino
895 1283 1049 1379 expilare
1065 1283 1216 1379 cupienti

74 1479 76 1487 ,
154 1412 284 1507 aliquot
296 1411 367 1484 dies
378 1411 573 1507 relinquere
586 1407 896 1498 sustinet,lallaciae
908 1408 1008 1481 simul
1021 1416 1054 1481 et
1066 1417 1218 1505 quaestus

53 1608 56 1614 .
154 1533 267 1608 futuri
279 1536 459 1632 particeps.
489 1535 584 1609 Adde
603 1557 684 1608 eum
708 1534 835 1607 caelibis
855 1535 933 1607 vitae
952 1533 1075 1606 liberas
1094 1533 1215 1630 volup·

154 1669 240 1735 tates
255 1661 307 1735 vel
322 1661 357 1733 in
370 1660 590 1734 matrimonio
608 1668 825 1734 retenturum
843 1683 929 1746 esse,
943 1668 977 1734 et
994 1659 1037 1731 ab
1048 1658 1159 1731 amica
1171 1658 1218 1731 ita

154 1785 248 1859 abire
274 1793 312 1859 ut
337 1786 484 1860 reditum
506 1785 703 1877 meditatur,
730 1786 839 1859 muris
862 1785 1055 1881 exemplum
1079 1783 1122 1856 ab
1146 1786 1218 1880 ipsa

155 1910 342 1985 Phronesic
355 1911 505 1984 oblatum
523 1921 715 2002 secuturus,

225 2105 341 2161 AEtatem
358 2106 406 2177 qui
418 2107 466 2162 uni
479 2106 562 2163 cubili
576 2125 725 2181 numquam
738 2108 883 2164 committit
896 2126 983 2176 suam,

227 2195 305 2262 Quia,
321 2195 344 2250 si
359 2213 442 2252 unum
458 2197 557 2253 ostium
572 2198 737 2267 obsideatur,
754 2197 827 2254 aliud
841 2198 998 2273 perfugium
1020 2201 1142 2272 quaerit(
1162 2203 1182 2272 ).

155 2367 244 2454 Quid
260 2369 334 2466 ejus
350 2369 553 2466 turpitudini
572 2371 674 2468 pcssit
693 2372 858 2447 accedere
876 2371 1014 2446 difficile
1033 2373 1216 2469 excogites,

155 2516 264 2588 quum
297 2493 477 2568 honestum
504 2519 607 2570 omne
638 2504 802 2593 proterat,
832 2507 867 2571 et
893 2497 1015 2571 ceteris
1041 2498 1219 2572 Phronesii

155 2620 365 2693 amatoribus
384 2644 419 2695 se
434 2622 572 2696 tertium
594 2621 741 2695 adscribi
762 2624 924 2718 patiatur,
947 2631 1082 2696 tantum
1103 2623 1136 2695 in
1160 2645 1220 2696 sc·

155 2741 278 2816 cietate
290 2741 464 2816 fraudium
479 2754 512 2818 et
522 2746 721 2842 rapinarum
734 2747 863 2842 primas
876 2755 989 2842 partes
1004 2748 1168 2822 retinens

203 2867 301 2955 Quod
317 2868 359 2941 ad
374 2869 536 2942 Dinarchi
554 2870 676 2943 rivales
697 2871 831 2960 attinet,
852 2871 897 2943 illi
918 2872 969 2944 rel
988 2871 1129 2958 stolidis,
1150 2873 1218 2964 rel,

155 3001 194 3066 ut
213 2993 296 3065 itam
312 2993 439 3083 dicam,
458 2994 614 3069 belluinis
634 2996 788 3069 moribus
810 2996 973 3094 insignes,
994 2996 1125 3094 indigni
1140 3006 1219 3070 sunt

154 3117 294 3215 quinos
309 3118 366 3193 diu
384 3118 572 3193 detineant.
598 3121 704 3210 Alter,
726 3122 974 3219 Stratophanes
996 3122 1105 3214 miles,
1129 3122 1218 3196 utin

155 3243 273 3333 arrnis,
300 3243 404 3316 sicin
431 3267 550 3319 amore
571 3246 647 3342 plus
672 3268 772 3342 aequo
801 3246 863 3318 sibi
891 3247 1010 3337 sumit,
1036 3270 1218 3342 puerume

154 3368 266 3440 vicina
289 3368 392 3442 dcmc
419 3379 556 3467 raptum
574 3394 674 3443 suum
700 3393 861 3445 essenon
884 3371 1031 3460 dubitat,
1063 3372 1161 3469 cnjus
1184 3373 1219 3445 in

155 3501 275 3567 tenera
293 3501 393 3568 aetate
422 3494 561 3569 bellicas
583 3495 725 3570 virtutes
739 3496 814 3592 jam
842 3496 1039 3570 manifestas
1062 3497 1217 3584 miretur,

155 3627 189 3693 et
213 3618 254 3693 ad
283 3617 502 3692 educandum
520 3620 640 3693 blattis
662 3619 771 3693 filium
793 3621 958 3719 quidquid
986 3630 1097 3719 potest
1122 3624 1220 3696 latus

155 3744 321 3840 largitum
337 3766 447 3841 quum
460 3767 553 3833 vero,
577 3747 672 3843 gravi
688 3747 793 3842 patris
809 3768 914 3822 onere
934 3758 1105 3844 suscepte,
1123 3758 1221 3845 grata

156 3870 318 3943 amatoris
332 3868 414 3966 jura
434 3869 497 3942 sibi
517 3870 677 3958 vindicat,
710 3872 1002 3967 pulchritudinem
1029 3896 1124 3946 suarn
1150 3896 1218 3947 non

156 3995 237 4067 satis
251 3995 349 4091 larga
362 3993 564 4069 liberalitate
582 3997 861 4072 commendatam
872 3997 1035 4093 opulenta
1047 3997 1219 4071 Strabacis

156 4118 345 4194 rusticitate
372 4120 462 4195 vinci
486 4121 600 4213 sentit,
618 4131 654 4196 et
667 4146 784 4198 ensem
803 4123 965 4198 obtusum
983 4122 1217 4221 nequidquam

188 4323 222 4387 (r)
242 4324 352 4385 noem,
365 4327 403 4387 rr,
415 4326 438 4376 a.
