3030 5266
678 568 834 630 ..36-

223 703 367 777 Frustra
387 702 491 776 Thais
519 703 653 776 sincero
679 704 795 776 animo
819 725 957 777 causam
981 727 1047 778 non
1071 705 1298 781 inhonestam

224 827 327 904 affert
342 851 404 902 cur
421 828 526 901 alium
548 835 739 902 amatorem
758 829 952 918 admiserit;
974 829 1150 905 athenam
1167 833 1302 908 amicae

224 950 343 1040 tidem,
374 960 408 1026 et
436 952 603 1050 optimam
622 951 759 1026 allatam
792 976 932 1027 causam
959 954 1120 1029 Phaedria
1146 957 1300 1034 minime

224 1083 341 1166 ourat3
358 1076 425 1152 hoc
440 1085 576 1152 tantum
591 1085 741 1175 reputat,
758 1079 867 1153 aliurn
881 1079 943 1153 sihi
956 1080 1124 1178 praeponi,
1140 1105 1205 1156 nec
1220 1084 1299 1179 pati

224 1209 336 1299 potest
353 1227 362 1276 :

294 1414 397 1489 Nempe
412 1415 503 1473 omnia
515 1416 574 1473 haec
585 1433 657 1473 nunc
669 1417 753 1474 verba
765 1417 818 1474 huc
829 1419 945 1476 redeunt
957 1419 1091 1494 denique:

292 1506 350 1581 Ego
365 1506 506 1576 excludor,
520 1505 567 1562 ille
582 1506 723 1581 recipitur.
740 1508 798 1572 Qua
813 1509 926 1580 gratia?

293 1596 349 1654 Nisi
364 1597 388 1652 si
401 1596 479 1653 illum
493 1595 651 1670 plusquam
665 1614 709 1653 me
723 1614 831 1654 amas...

221 1797 362 1879 Thaidis
383 1805 539 1879 animum
563 1828 626 1880 suo
648 1804 854 1903 respondere
872 1812 906 1880 et
929 1829 1065 1904 semper
1082 1806 1294 1884 adstrictum

220 1953 362 2005 manere
378 1937 458 2004 ante
479 1930 596 2004 omnia
620 1930 739 2027 cupit:
763 1930 858 2004 hune
877 1952 1015 2006 movere
1038 1931 1174 2021 nititur;
1193 1932 1295 2009 hunc

220 2055 278 2130 ubi
296 2064 430 2130 motum
442 2056 545 2130 sentit
561 2062 621 2129 aut
632 2055 775 2130 sensisse
793 2063 905 2152 putat,
917 2055 991 2154 jam
1005 2056 1161 2140 labascit,
1181 2066 1294 2156 atque

219 2205 289 2256 uno
310 2181 415 2256 verho
429 2189 464 2256 et
477 2181 545 2269 illa,
561 2203 667 2278 qnam
683 2182 854 2255 Parmeno
867 2180 1084 2277 praeviderat,
1106 2182 1294 2258 lacrimula

218 2308 340 2399 victus,
366 2306 541 2396 exsilium,
573 2329 685 2404 nuper
708 2305 982 2397 intolerandum,
1005 2330 1072 2381 non
1098 2306 1289 2404 detractat3

219 2433 313 2507 hunc
341 2431 490 2527 denique
514 2431 568 2506 vel
601 2430 738 2521 absens,
765 2431 816 2505 vel
845 2431 1138 2528 pulchritudinem
1164 2433 1294 2508 amicae

217 2555 401 2632 fruendam
416 2556 473 2630 alii
492 2554 641 2646 tradens,
659 2556 733 2629 vult
755 2555 846 2630 solus
865 2556 1026 2646 retinere,
1046 2558 1150 2649 solus,
1175 2566 1214 2630 ut
1238 2558 1294 2634 ita

218 2681 346 2772 dicam,
369 2680 554 2780 possidere,
575 2703 640 2756 neo
663 2680 758 2754 aliud
787 2681 883 2755 rivali
908 2682 1030 2758 cedere
1050 2684 1114 2756 nisi
1146 2693 1292 2784 noctem

217 2810 392 2907 voluptate
408 2831 552 2884 vacuam
569 2796 720 2906 et'quasi
740 2807 883 2882 nullam.

304 3041 398 3100 'laets
412 3072 447 3082 -
505 3039 641 3112 Numquid
653 3038 695 3096 vis
707 3037 803 3095 aliud‘l

654 3165 748 3223 Pano.
761 3197 798 3209 -
809 3165 902 3249 Egone
917 3164 982 3239 quid
997 3164 1098 3221 velim?

288 3257 354 3314 (ium
369 3256 455 3312 milite
470 3255 524 3311 isto
538 3270 661 3327 praesens
675 3254 776 3310 absens
790 3264 821 3312 ut
835 3255 888 3312 sies
899 3256 956 3326 (l):

286 3345 350 3400 llies
363 3345 507 3417 noctisque
522 3359 565 3398 me
580 3334 725 3412 ames,‘me
739 3343 890 3408 desideres,

286 3434 327 3491 lle
341 3434 469 3504 somnies,
485 3449 529 3488 me
544 3441 680 3507 expectes,
696 3433 730 3489 de
745 3451 789 3489 me
803 3433 918 3506 cogites,

287 3524 328 3580 lle
342 3542 445 3598 speres,
460 3540 504 3579 me
516 3531 543 3579 te
558 3523 689 3593 oblectes,
704 3541 811 3581 mecum
823 3531 882 3581 tota
893 3523 949 3580 sis:

287 3615 362 3671 Meus
376 3614 420 3669 tac
435 3613 472 3669 sis
486 3621 624 3687 postremo
638 3613 755 3682 animus,
770 3613 879 3687 quando
893 3629 945 3686 ego
957 3630 1016 3669 sum
1028 3621 1089 3672 tuos
1103 3616 1152 3688 (l).

263 3823 421 3898 Phaedria
446 3821 587 3920 quidem
615 3822 761 3894 nimium
787 3819 850 3894 sihi
874 3821 1033 3918 sumpsit,
1056 3829 1092 3895 et
1117 3822 1170 3895 vix
1199 3848 1289 3920 pro-

216 3947 325 4026 iectus
341 3949 414 4048 J'am
431 3947 532 4037 redit,
558 3956 597 4021 ut
611 3946 750 4021 Thaidis
765 3946 838 4021 visu
854 3948 907 4022 rel
925 3947 1045 4044 procul
1061 3945 1219 4040 fruatur3
1237 3975 1288 4030 ea

244 4202 280 4266 (l)
298 4201 365 4250 Conl.
382 4197 468 4262 Virpil.
477 4199 593 4260 AEn.,lV‚
602 4196 632 4249 83
642 4214 648 4246 :
660 4199 749 4248 rlllnm
758 4199 847 4248 absens
859 4199 986 4247 absentem
996 4197 1114 4259 auditque
1128 4199 1255 4263 videtque.
1271 4224 1282 4251 e
1329 4217 1333 4224 ·

247 4281 281 4344 (t)
298 4281 374 4340 Eun,
389 4281 407 4338 l,
423 4279 445 4327 ⁰2.
464 4279 522 4328 Vide
536 4281 651 4341 Fenelon,
666 4279 750 4330 lettre
764 4275 780 4330 d
795 4277 945 4330 l'Acade'mt'e
958 4277 1089 4342 francone,
1105 4279 1160 4328 llll:
1176 4297 1186 4324 r
1201 4283 1285 4333 Peut.

214 4377 246 4410 on
256 4361 349 4412 desirer
359 4375 391 4410 nn
401 4359 554 4421 dramatique
565 4361 620 4422 plus
633 4360 670 4409 vil
681 4366 706 4409 et
720 4361 775 4423 plus
788 4360 888 4422 ingestu.
907 4377 917 4405 n
