3030 5266
673 563 832 626 ..45-

221 711 253 778 et
268 703 392 776 ictibus
401 700 581 792 onerabat,
600 691 764 773 eumdem
781 698 1042 796 deprehendere
1055 697 1166 772 estad
1178 699 1299 795 inopis

221 828 345 903 domus
373 825 464 900 tores
493 825 731 914 accedentem,
755 832 790 899 et
808 847 867 898 eas
892 825 1043 899 tremula
1073 847 1180 897 manu
1207 825 1299 921 pnl-

221 961 367 1027 santem.
411 951 501 1041 Quid
543 951 648 1050 igitur
688 959 828 1024 acturus
875 949 946 1024 huc
982 948 1102 1023 furtim
1142 949 1299 1022 introitt

220 1079 390 1174 virginem
404 1077 533 1151 scilicet
557 1077 804 1174 pauperculam
826 1098 907 1150 cum
926 1082 1041 1150 vetere
1061 1083 1171 1148 matre
1187 1073 1299 1147 habi-

221 1211 352 1277 tantem
382 1203 552 1277 solaturus
578 1209 612 1275 et
632 1200 846 1286 firmaturus,
871 1200 971 1298 cujus
996 1223 1072 1296 spes
1091 1207 1142 1274 est
1173 1199 1297 1290 nuiea,

224 1328 364 1401 unicum
381 1327 561 1401 auxilinm.
578 1328 676 1400 Hanc
691 1327 807 1400 adhuc
826 1325 1003 1423 pudicam,
1025 1325 1146 1400 decem
1163 1324 1301 1424 abhinc

222 1453 411 1544 mensibus,
432 1455 526 1540 vino,
548 1461 663 1542 nocte,
686 1450 916 1526 adolescentia
938 1452 1056 1547 pulsus
1072 1451 1219 1540 vitiavit,
1234 1450 1300 1526 sed

222 1580 360 1677 culpam
376 1579 433 1653 vix
455 1578 654 1665 admissam,
673 1587 843 1674 qnantum
871 1576 937 1650 fuit
960 1577 993 1648 in
1015 1577 1102 1673 ipsc,
1129 1575 1297 1651 redemit.

222 1705 312 1778 Audi
340 1700 650 1800 matrem'puellae,
671 1703 874 1789 Sostratam,
902 1701 986 1799 quid
1010 1701 1053 1776 de
1078 1702 1136 1775 illo
1159 1700 1300 1776 famoso

221 1853 377 1928 ganeone
392 1836 523 1920 narret,
536 1852 645 1926 quum
661 1827 745 1901 falso
761 1851 901 1903 rumore
916 1828 1073 1925 decepta,
1085 1826 1300 1902 AEschinum

222 1955 371 2051 psaltriae
390 1977 508 2028 amore
523 1962 727 2051 corruptum
740 1976 811 2028 esse
826 1952 935 2027 credit
954 1961 989 2026 et
1000 1953 1214 2027 lamentatur
1232 1981 1241 2024 :

214 2196 224 2200 -
293 2159 334 2217 tte
356 2160 506 2216 miseram!
530 2159 601 2224 Quid
620 2159 677 2230 jam
702 2160 818 2214 credas?
842 2168 888 2214 aut
906 2159 970 2233 quoi
991 2159 1109 2215 eredas‘.t
1131 2166 1299 2215 nostrumne

1102 2249 1276 2319 [AEschinum
1286 2251 1300 2304 ‘l

292 2341 419 2397 Nostram
432 2339 553 2395 omnium
565 2338 659 2406 vitam,
674 2339 702 2394 in
714 2356 768 2411 quo
780 2347 880 2396 nostrae
894 2357 957 2412 spes
971 2356 1092 2414 opesque
1105 2355 1200 2394 ornnes
1213 2339 1301 2396 sitae‘r

292 2430 342 2494 Qui
354 2429 413 2485 sine
426 2429 477 2484 hac
486 2429 597 2501 jurabat
609 2445 638 2483 se
650 2446 735 2483 unum
748 2447 898 2503 numquam
912 2430 1048 2485 victurum
1061 2429 1153 2484 diem‘l

294 2520 343 2584 out
356 2537 385 2574 se
396 2519 423 2572 in
434 2519 476 2573 sui
487 2518 591 2589 gremio
603 2518 756 2591 positurum
768 2536 883 2592 puerum
893 2519 1001 2576 dicebat
1011 2518 1119 2594 patris?

293 2611 335 2664 lta
350 2609 568 2678 obsecraturum,
584 2615 615 2663 ut
628 2607 727 2664 liceret
739 2607 809 2663 hanc
820 2626 850 2665 se
861 2626 975 2664 uxorem
987 2609 1088 2664 ducere
1100 2609 1161 2680 (l)‘l

221 2783 289 2854 llos
304 2803 411 2854 noros
426 2802 540 2854 mores
555 2780 660 2852 suasit
673 2802 766 2853 caeca
780 2780 907 2877 cupido
922 2781 958 2854 in
969 2780 1121 2855 vividum
1133 2801 1296 2854 amorem

221 2929 334 2994 versa;
366 2905 441 2980 baec
470 2906 638 3002 promissa
666 2904 709 2978 ad
742 2904 904 2980 effectum
933 2905 1072 3002 cupiens
1101 2905 1294 2998 adducere,

221 3041 355 3130 patrem
367 3032 566 3128 adoptivum
582 3031 737 3128 tentavit,
751 3054 820 3106 non
831 3033 1045 3128 pluraausus
1055 3054 1126 3129 pree
1141 3029 1294 3128 pudore,

221 3167 324 3253 atquc
345 3157 468 3231 eodem
492 3166 648 3252 tempore
671 3167 826 3252 quotam
851 3157 1076 3230 vehementer
1095 3179 1116 3229 a
1136 3157 1298 3230 Sostrata
1369 3232 1371 3238 A

222 3282 460 3356 inconstantiae
489 3288 682 3366 accusatur,
711 3282 962 3378 potiusquam
986 3282 1135 3355 amicam
1161 3281 1297 3357 desua

221 3407 288 3482 lide
319 3406 523 3481 addubitare
548 3406 712 3503 patiatur,
735 3430 812 3480 earn
837 3405 965 3497 invisit,
994 3406 1049 3479 cui
1079 3405 1296 3481 dilectissimi

221 3532 336 3607 fratris
370 3540 490 3628 operta
524 3531 634 3623 facta,
670 3532 879 3607 discruciato
917 3532 1054 3624 animo,
1094 3533 1220 3606 invitus
1257 3540 1296 3607 et

219 3659 383 3746 renitens
427 3657 624 3755 patefaciat.
667 3658 733 3732 Ubi
775 3681 855 3732 vero
898 3659 1083 3733 Micionem
1124 3659 1295 3734 Sostratae

219 3785 322 3858 domn
354 3783 593 3881 egredientem
630 3783 742 3857 subito
777 3783 936 3882 adspicit,
965 3809 1074 3882 quum
1104 3808 1185 3858 enm
1213 3808 1292 3859 rem

218 3933 356 3984 omnem
376 3911 509 4004 novisse
529 3910 677 3997 nesciat,
693 3910 768 4008 jam
788 3911 976 3985 intraturus
990 3910 1153 4001 subsistit,
1174 3911 1290 3986 inter-

219 4046 427 4134 rogatusqne
444 4036 525 4134 quid
544 4036 672 4134 negotii
689 4036 746 4110 hic
761 4037 900 4128 habeat,
912 4045 1014 4135 negat
1028 4060 1062 4112 se
1078 4036 1294 4134 lorespepu—

219 4163 309 4236 lisse.
321 4163 507 4258 Postquam
525 4162 633 4235 melus
648 4163 761 4258 pudor
772 4162 992 4237 mendacium
1004 4161 1164 4258 subJecit,
1176 4160 1293 4235 bonus

252 4365 285 4429 (n
302 4364 361 4426 Aa,
374 4367 415 4427 nr,
427 4365 451 4414 e.
