3030 5266
678 527 768 587 ..86
787 556 821 567 .-

218 665 252 732 et
265 679 329 753 ope
349 663 485 752 egeant,
504 677 539 729 se
557 663 644 728 totos
664 652 839 728 dedentes.
864 653 933 726 llos
947 659 1136 741 amatores,
1160 673 1286 747 nempe

218 781 379 870 Cliniam,
398 779 629 877 Pamphilum,
645 779 714 854 etsi
728 801 832 876 quem
847 777 1056 875 persimilem
1070 777 1165 874 apud
1181 777 1287 874 Apol-

219 907 377 982 lodorum
389 907 581 1004 Carystinm
597 904 738 995 invenit,
749 903 928 979 Terentius
937 903 1035 1000 quasi
1050 925 1132 977 snos
1145 904 1288 1002 agnovit

221 1043 255 1108 et
287 1031 462 1128 amplexus
487 1040 550 1122 est,
574 1039 677 1127 atque
708 1030 743 1102 in
774 1052 852 1103 suas
879 1027 1026 1120 fabulas,
1051 1049 1120 1104 non
1148 1028 1289 1126 ingenio

223 1168 370 1248 tarnum,
394 1157 570 1233 sedetiam
591 1157 706 1231 auimo
723 1157 900 1254 impulsus,
917 1155 1090 1230 transtulit
1108 1155 1180 1252 (t),

257 1450 291 1513 (l)
307 1451 478 1500 inolescentes
491 1454 611 1500 amatores
626 1465 641 1501 a
655 1451 789 1500 Menandro
803 1456 828 1501 et
842 1452 874 1500 ab
889 1451 1033 1512 Apollodoro
1048 1450 1168 1512 descripti
1183 1451 1292 1500 nonnisi

225 1546 269 1594 per
281 1531 372 1580 latinas
385 1531 480 1596 effigies
495 1532 565 1580 nobis
584 1533 635 1581 noti
660 1536 725 1581 sunt.
749 1533 818 1591 Quod
833 1532 934 1594 quidem
955 1532 986 1579 ad
1009 1532 1173 1580 Menandrum
1195 1531 1293 1591 attinet,

226 1615 251 1660 in
266 1613 418 1675 paucissimis
431 1613 542 1662 rensibus
557 1627 570 1660 e
586 1613 725 1662 tristissimo
740 1613 869 1676 naufragia
883 1613 985 1662 emersis
999 1625 1074 1661 unum
1089 1616 1227 1660 amatorem
1240 1627 1295 1660 nar·

227 1700 324 1742 rantem
338 1695 451 1743 audimus
464 1709 512 1756 qua
524 1694 604 1743 subita
620 1697 645 1742 ct
667 1707 757 1756 magna
775 1695 898 1756 voluptate
911 1695 1018 1756 percitus
1030 1695 1113 1752 luerit,
1131 1692 1175 1742 rubi
1189 1693 1294 1755 primum

229 1774 358 1823 mirlicrcm
375 1779 481 1823 amatam
499 1774 607 1837 tetigerit
622 1778 647 1822 et
659 1776 783 1824 osculatus
794 1775 886 1823 luerit:

384 1938 427 1990 Mt
443 1930 486 2000 τὴν
505 1936 616 1998 Ἀθηνᾶν,
628 1936 718 2002 ἄνδρες,
734 1931 806 1986 sintin*
821 1931 868 1988 οὖα
883 1937 935 2002 ἔχω

385 2019 460 2084 εὑρεῖν
471 2019 558 2082 ὁμοίαν
569 2023 604 2084 τῷ
619 2017 729 2083 γεγονότι
743 2019 877 2085 πράγματι,

385 2105 462 2160 ζητῶν
474 2101 533 2163 πρὸς
547 2095 652 2163 ἐμαυτὸν
666 2099 691 2149 τί
703 2100 800 2165 ταχέως
810 2095 934 2151 ἀπολλύει.

386 2182 526 2248 &eddilam
544 2176 569 2232 ἐν
583 2180 635 2247 ὅσῳ
653 2181 825 2246 συστρέφεται,
841 2180 1014 2246 προσέρχεται,

388 2263 550 2328 προσέὸαλεν,
565 2257 692 2329 έὶέρριψεν,
708 2257 767 2314 αἰὼν
779 2263 878 2326 γίνεται.

388 2342 457 2394 Ἀλλ’
472 2337 496 2393 ἓν
511 2343 610 2407 πελάγει
623 2343 780 2413 συγλυσμές;
796 2337 921 2404 ἀναπνοὴν
935 2341 986 2407 ἔχει

387 2444 398 2466 «ι
416 2429 462 2476 Ζεῦ
472 2432 550 2490 σῶτερ
564 2444 586 2485 a,
599 2418 682 2484 εἷπεῖν,
702 2440 712 2469 ι
725 2418 829 2489 ἀντέχου
844 2431 892 2473 τῶν
905 2421 1019 2489 σχοινίων
1028 2441 1050 2479 υ,
1114 2448 1118 2455 ·

389 2504 471 2569 ἑτέραν
486 2513 617 2570 περιμεῖναι
632 2505 739 2571 χάτέραν
753 2504 887 2569 τριαυμίαν

387 2584 504 2648 ναυαγίου
519 2587 539 2636 δ’
552 2583 582 2636 ἂν
597 2581 724 2650 ἐπιλάβοι·
739 2581 788 2649 ἐγὼ
802 2587 822 2634 δ’
835 2581 901 2642 ἅπαξ

390 2665 512 2731 ἁψάμενός
528 2661 576 2731 εἶμι
585 2672 627 2717 καὶ
641 2663 745 2732 φιλήσας
760 2661 786 2717 ἐν
801 2668 873 2731 βυθῷ.

359 2781 489 2841 (Mainake,
506 2781 637 2834 Menandri
653 2782 807 2833 incertarum
820 2779 965 2844 indutorum
980 2779 1141 2842 Frcprnento,
1159 2779 1222 2842 vlt.)

268 2945 312 2993 llic
327 2957 357 2993 ex
372 2945 467 2994 incerta
481 2945 565 2995 tabula
584 2950 608 2995 et
627 2947 680 2995 sinc
695 2948 795 2996 nornine
815 2947 918 3003 amator,
935 2949 983 2992 tarn
1006 2943 1078 2993 aride
1101 2943 1212 2992 subitum
1238 2956 1305 2991 amo-

238 3039 290 3073 rem
307 3025 400 3087 haurit,
424 3029 449 3074 et
474 3029 540 3075 tanta
568 3040 623 3075 cum
639 3027 793 3090 jucunditate
815 3040 872 3076 suos
891 3039 977 3075 sensns
999 3025 1081 3083 effert,
1106 3027 1132 3072 nt
1150 3024 1203 3072 tere
1217 3025 1305 3071 credas

236 3107 267 3154 ad
281 3107 334 3168 ejus
346 3108 470 3170 exemplar
480 3109 619 3156 Terentium
635 3109 660 3157 in
674 3109 792 3158 detractio
805 3110 932 3158 Chaeream
947 3105 1080 3155 effinxisse.

269 3187 336 3235 Alius
359 3194 396 3236 cst
418 3201 433 3236 a
452 3190 584 3238 Menandro
609 3190 721 3238 inventus
740 3191 892 3249 adolescens,
908 3187 986 3251 cujus,
999 3186 1109 3250 quamvis
1128 3186 1227 3234 nullum
1246 3199 1305 3235 rer-

237 3266 296 3314 hnm
314 3271 403 3327 exstet,
420 3281 514 3317 amores
537 3272 625 3328 tamen,
641 3271 729 3318 Donati
746 3270 832 3333 gratia,
854 3282 903 3317 non
922 3267 966 3318 toti
987 3267 1088 3329 periere.
1114 3266 1192 3325 Quem
1209 3265 1305 3314 utinam

238 3346 341 3396 Luscius
364 3349 479 3398 Lavinius
499 3352 618 3399 intactum
635 3351 790 3412 reliquisset,
805 3356 830 3399 et
853 3349 983 3398 terentius
1004 3360 1075 3396 snum
1103 3347 1183 3394 lacere
1207 3345 1306 3407 potuis-

240 3427 293 3475 set!
310 3429 394 3477 Mnllus
414 3430 480 3479 enim
499 3431 598 3494 dignior
622 3436 673 3480 erat
693 3431 734 3493 qui
755 3431 862 3479 Terentii
882 3432 1012 3478 venustum
1030 3427 1158 3491 ingenium
1180 3426 1306 3483 invitaret,

240 3507 275 3555 ita
298 3509 402 3558 eximios
430 3512 526 3573 lepores
552 3525 603 3573 prce
632 3525 658 3560 se
688 3512 745 3571 lert,
763 3511 797 3560 ita
823 3511 918 3558 vividos
946 3508 1020 3557 simul
1043 3512 1068 3557 et
1095 3505 1204 3556 suaviter
1219 3519 1307 3555 recon-

240 3587 304 3637 ditos
327 3603 423 3639 amores
445 3591 522 3641 toret!
556 3593 613 3641 lime
635 3596 672 3640 est
694 3591 790 3641 brevior
810 3590 911 3647 mentio,
941 3603 1013 3651 quarn
1035 3588 1191 3637 Menandreae
1213 3587 1306 3635 tabule

242 3668 349 3720 donatus
364 3671 439 3721 lacit:
460 3691 470 3718 ι
488 3673 595 3725 Pltosmo
615 3687 703 3721 nomen
726 3675 765 3721 est
786 3672 876 3720 tabulae
892 3670 1029 3730 Menandri,
1045 3670 1071 3718 in
1085 3682 1133 3730 qua
1144 3681 1250 3718 noverca
1263 3681 1307 3716 su-

241 3757 358 3820 perducta
374 3755 532 3815 adolescenti,
547 3756 676 3819 uirginem,
690 3769 764 3816 quarn
776 3768 806 3803 ex
824 3753 905 3802 ricino
924 3753 1030 3815 quodam
1052 3753 1206 3812 conceperat,
1221 3748 1307 3797 furtim

242 3838 357 3886 eductam
373 3849 447 3898 quum
459 3836 560 3885 haberet
570 3837 595 3885 in
608 3836 708 3886 latebris
720 3836 784 3898 apud
795 3835 901 3885 vicinam
913 3833 1059 3897 proximum,
1076 3833 1123 3880 hoc
1136 3831 1208 3879 modo
1222 3843 1307 3880 secum

243 3919 350 3967 habebat
365 3917 471 3976 assidue,
486 3918 552 3966 nullo
566 3917 672 3966 conscio.
687 3917 814 3974 Parietem,
830 3916 871 3978 qni
886 3915 983 3964 medius
997 3914 1062 3962 inter
1071 3913 1170 3962 domurn
1178 3911 1266 3960 matris
1278 3923 1307 3958 ac

244 3997 319 4046 vieini
336 3999 423 4053 inerat,
442 3997 475 4045 ita
488 3997 602 4059 perfodit,
620 4001 647 4046 nt
661 3997 685 4046 in
703 3997 755 4060 ipso
772 3997 877 4045 transitu
891 4009 989 4045 sacrum
1008 3995 1087 4042 locum
1100 4005 1154 4042 esse
1169 3991 1307 4041 simularet.

245 4080 372 4139 Quumque
404 4077 533 4126 transitum
564 4079 703 4128 intenderet
731 4079 803 4127 sertis
833 4091 862 4126 ac
892 4077 978 4126 fronde
1003 4074 1087 4135 felici,
1116 4085 1169 4122 rem
1184 4070 1309 4131 ,divinam

246 4171 312 4220 saepe
326 4158 420 4208 iaciens
436 4159 552 4208 evocabat
566 4159 597 4207 ad
612 4173 638 4208 se
652 4159 779 4222 virginem.
804 4159 872 4218 Quod
893 4170 969 4218 quum
983 4153 1197 4219 animadvertisset
1210 4151 1312 4200 adoles·

247 4252 319 4297 cens,
345 4239 451 4301 primurn
483 4239 600 4301 adspectu
624 4239 733 4300 pulchrae
757 4238 862 4302 virginis
885 4239 954 4287 velut
979 4235 1087 4286 numinis
1109 4234 1162 4282 visu
1179 4232 1312 4297 perculsus

247 4318 389 4377 exhorruit3
419 4320 483 4367 undo
507 4319 612 4368 Pltosmo
634 4322 671 4367 est
693 4332 782 4368 nomen
803 4320 901 4368 tabulae.
917 4317 1010 4367 Deinde
1033 4314 1151 4380 paulatim
1168 4311 1312 4377 recognita
