3030 5266
569 545 724 607 „027-

116 686 223 784 pium.
259 683 365 758 tiulta
393 681 532 780 quidem
560 688 732 778 praecepta
765 681 957 776 sapientiae,
988 690 1025 753 ut
1059 683 1181 770 aeteri,

116 809 201 897 edin
217 810 299 901 inin,
312 831 390 904 quae
404 807 503 881 ducat
517 804 711 892 efficienda,
725 802 843 879 efficit.
859 806 933 902 lpse
947 814 1078 894 autem,
1098 805 1181 882 dum

116 936 243 1010 amaris
259 933 400 1008 verbnm
426 940 582 1029 usurpat,
611 929 695 1003 nihil
714 928 808 1003 aliud
826 929 996 1028 significat
1022 931 1085 1004 nisi
1105 931 1184 1005 iibi-

117 1061 247 1144 dinem,
266 1068 300 1133 nt
326 1083 346 1132 a
370 1065 562 1137 ceterorum
584 1055 760 1129 amoribus
782 1054 993 1152 discrepans,
1022 1079 1093 1132 rem
1121 1055 1183 1132 iu-

115 1187 253 1284 giendu‚
273 1185 410 1259 iliorum
427 1206 545 1258 sensus
564 1179 775 1271 retenpeau
792 1179 959 1257 definiens
979 1207 987 1257 :

332 1424 611 1498 Biandiinquentulus‚
626 1423 759 1497 harpaga,
776 1424 900 1490 mendax,

330 1516 447 1590 Guppes,
462 1531 568 1583 avarus,
582 1513 704 1587 elegans,
719 1512 898 1588 despoliatur,
916 1509 924 1530 ‘

332 1603 564 1662 {tenebricolarum
577 1602 714 1662 hominurn
730 1611 883 1679 corruptor.
900 1603 964 1661 Eue.-

117 1790 234 1863 Talem
264 1789 297 1862 in
325 1811 480 1864 amarem
504 1788 615 1864 vivide
640 1798 675 1871 et
696 1789 821 1863 aeriter
847 1789 1002 1863 inventus
1024 1787 1110 1862 duas
1129 1810 1183 1862 res

119 1922 253 1988 tantum
285 1936 365 1988 earn
402 1937 443 1988 en
471 1915 675 2013 ennjunctas
706 1937 749 1988 ex
777 1912 1000 1988 inseetatione
1033 1913 1177 2011 exeipit,

117 2048 151 2113 at
170 2038 234 2112 sibi
254 2061 326 2113 esse
341 2038 435 2115 cordi
463 2037 607 2128 tutatum
635 2061 713 2139 quaa
737 2038 805 2114 sint
825 2042 945 2140 rugas?
964 2037 1120 2115 convivia
1149 2046 1183 2112 et

117 2165 317 2266 potationes·

613 2301 706 2374 Apage
723 2309 758 2368 te,

329 2393 420 2463 Amor,
436 2408 491 2448 nan
504 2389 607 2466 places,
622 2387 688 2446 nihil
705 2398 730 2447 te
742 2398 824 2447 ntur:

329 2483 497 2557 Quamquam
511 2479 577 2537 illud
589 2488 628 2537 est
640 2479 728 2551 dulce,
744 2498 804 2540 esse
817 2490 844 2538 at
863 2481 958 2538 hibere
972 2482 1021 2552 (1).

164 2664 274 2752 Quam
289 2672 492 2754 amatorem,
511 2674 559 2740 tut
574 2665 698 2740 sabulis
715 2665 883 2738 Plautinis
900 2664 1072 2760 inspeetis,
1098 2685 1185 2737 sem·

117 2811 179 2884 per
198 2788 375 2864 absentem
393 2789 641 2880 desideramus,
663 2795 696 2864 in
719 2791 788 2864 salu
816 2791 1020 2864 Crnnnlione
1042 2788 1180 2863 tandem

119 2913 323 2987 invenimus.
339 2919 442 2988 Amat
462 2914 602 3012 quidem
611 2915 838 2991 Phaedromus
856 2915 888 2987 in
910 2914 1046 2988 lenunia
1060 2913 1186 3003 dnmnp

117 3037 176 3112 sed
199 3038 379 3113 mulierem
401 3061 529 3137 genere
551 3050 585 3114 et
604 3040 760 3114 sensibus
778 3062 882 3137 supra
903 3049 1036 3136 turpant
1056 3039 1184 3116 eundi*⁴

117 3162 244 3238 tinneru
266 3163 406 3254 elatam,
426 3175 460 3240 et
481 3165 589 3240 amni-i
613 3187 673 3240 suo
698 3164 976 3261 respondentem.
1005 3163 1182 3239 Puderem

117 3287 191 3384 ejus
219 3288 386 3363 intantum
413 3290 465 3364 vel
490 3300 625 3365 tanturn
656 3291 788 3388 aliquot
819 3291 919 3364 saviis
956 3290 1075 3364 laesum
1111 3290 1183 3387 ipse

118 3412 210 3486 laudi
249 3415 369 3504 uertit,
401 3416 463 3489 etsi
497 3416 567 3490 suis
601 3413 845 3511 cupiditatibus
877 3414 1180 3512 impedimentum.

117 3540 243 3614 Fronte
270 3538 399 3629 hilaris,
425 3541 541 3614 unimu
568 3539 731 3631 fervidus,
760 3540 896 3639 ingenia
921 3548 1097 3625 venustus,
1131 3541 1181 3614 sui

119 3665 245 3739 amoris
272 3665 432 3740 arderem
460 3688 618 3741 sermone
649 3665 824 3762 leporibus
859 3665 991 3739 imbute
1023 3673 1179 3752 testatur.

119 3768 219 3864 Hune
231 3790 311 3865 audi
328 3791 466 3885 dumus,
479 3791 513 3867 in
529 3814 598 3888 qua
611 3791 804 3866 Planesium
816 3790 1016 3881 custoditur,
1032 3771 1184 3888 pessulus

152 3997 186 4060 (l)
206 3997 403 4058 n·tn.‚11‚t.-
419 4000 488 4047 Haud
503 3999 576 4047 aliter
592 3998 752 4062 intelligenda
767 4002 804 4046 est
820 3997 929 4060 Lysitelis
943 3998 1074 4058 sententia,
1093 3999 1113 4047 si
1131 4000 1183 4048 nme

120 4078 194 4126 rerha
210 4079 384 4140 «Quamquam
403 4079 463 4127 iliud
485 4082 523 4127 est
540 4078 611 4126 dulce
629 4096 639 4123 u
662 4082 719 4139 ete,
740 4092 794 4138 qnne
817 4077 985 4140 superioribus
1002 4080 1026 4126 V.
1051 4082 1075 4126 (ἱ.
1092 4079 1183 4142 jungit,

120 4172 174 4206 num
190 4157 225 4207 eis
240 4171 294 4220 qum
309 4160 490 4220 subsequuntur
504 4157 636 4222 construis,
655 4159 717 4220 quud
730 4157 789 4208 iacit
804 4158 897 4208 Ritsnhl
913 4173 917 4206 :

321 4269 470 4330 Quamquam
483 4252 544 4317 iliud
559 4267 664 4326 dnieest,
677 4281 730 4316 esse
743 4271 768 4315 et
778 4267 872 4327 hibern,

322 4352 394 4396 ⁴trnnr
409 4349 484 4400 amari
500 4349 541 4398 nint
557 4347 617 4395 satis
634 4348 697 4409 nunni
712 4353 808 4408 ugrum.
