3030 5266
668 521 826 582 ..fip-

289 657 358 712 llene
374 663 400 711 ct
416 654 513 728 pudice
529 656 587 727 ejus
602 655 709 710 doctum
724 663 805 727 atque
821 655 947 710 eductum
962 654 1048 713 sinam

287 745 416 802 Coactum
432 750 553 817 egestate
569 744 708 816 ingenium
724 743 908 801 inmutarier‘l

287 835 345 892 Non
357 835 465 891 faciam.

323 962 417 1018 lllvms.
435 995 469 1002 —
485 961 561 1017 Haud
576 977 682 1031 verear,
699 961 763 1017 siin
779 969 805 1018 te
820 962 856 1018 sit
871 961 928 1018 solo
944 961 1043 1030 situm3

289 1051 341 1108 Sed
354 1060 384 1108 ut
399 1051 453 1108 viu]
468 1069 553 1126 queas
568 1053 649 1108 serre.

499 1178 586 1234 Pane.
603 1209 638 1218 -
652 1177 744 1234 Adeon
759 1193 803 1233 me
817 1176 943 1250 ignavom
957 1184 1046 1250 putes,

288 1267 382 1325 rldeon
395 1284 478 1341 porro
493 1267 631 1340 ingratum
645 1275 691 1323 aut
705 1266 883 1322 inhumanum
898 1274 945 1322 aut
958 1265 1057 1334 lerum,

287 1357 321 1414 Ut
335 1375 424 1431 neque
439 1374 482 1413 me
498 1357 675 1426 consuetudo,
692 1374 780 1430 neque
796 1373 881 1426 amor,
898 1375 987 1430 nequc
1002 1357 1089 1430 pudor

289 1449 470 1516 Commoveat,
487 1464 576 1520 neque
589 1455 757 1504 commoneat
766 1453 796 1502 ut
808 1463 914 1503 servem
929 1446 1032 1503 sidem?

217 1667 294 1754 Quo
308 1664 537 1739 timidioribus
554 1663 709 1762 precihus
723 1664 821 1762 lllysis
840 1665 966 1755 utilur,
988 1686 1030 1738 co
1049 1663 1159 1760 magis
1176 1663 1290 1740 affec·

218 1798 288 1862 tum
308 1799 342 1864 et
360 1789 494 1863 animos
506 1787 676 1885 Pamphili
693 1787 872 1864 accendit:

219 2012 313 2070 llvsu.
330 2043 360 2054 -
375 2011 462 2068 Unum
475 2012 526 2068 hoc
539 2012 604 2080 scio,
620 2029 679 2068 esse
692 2011 816 2068 meritam
829 2019 860 2066 ut
873 2027 977 2069 memor
990 2027 1064 2066 esses
1077 2011 1127 2067 sui.
1225 2021 1227 2024 ’

219 2140 304 2195 Pnur.
321 2139 472 2195 -Memor
488 2139 599 2195 csseml
613 2137 634 2194 Ο
648 2137 737 2210 Mysis,
755 2136 847 2209 Mysis,
865 2136 947 2192 etium
963 2153 1033 2192 nunc
1048 2135 1114 2191 milri

289 2228 395 2303 Scripta
409 2227 456 2284 illa
472 2228 544 2285 dicta
558 2235 621 2284 sunt
635 2227 663 2282 in
677 2226 767 2283 auimo
783 2225 922 2300 Chrysidis

289 2318 327 2374 lle
343 2317 474 2390 Glycerio.
492 2318 551 2374 lam
565 2318 651 2373 lerme
665 2316 785 2372 moriens
797 2333 839 2371 me
852 2324 947 2371 vocat:

289 2406 412 2474 llccessi;
429 2424 476 2463 vos
491 2415 618 2474 semotae3
632 2423 681 2462 nos
695 2407 763 2474 soli;
777 2405 888 2480 incipit:

292 2516 303 2548 v
319 2495 353 2550 ltli
369 2495 519 2569 Pamphile,
534 2496 617 2568 hujus
629 2496 743 2552 formam
757 2503 839 2569 atque
851 2503 959 2552 {etatem
973 2495 1066 2550 vides:

289 2585 343 2641 Nec
358 2585 427 2641 clam
444 2594 470 2641 te
487 2594 537 2654 est,
555 2602 635 2659 quam
650 2584 689 2640 illi
704 2593 827 2659 utraeque
843 2603 888 2641 res
902 2603 973 2642 nunc
987 2585 1066 2642 utiles

289 2675 322 2731 Et
332 2675 365 2731 ad
376 2674 534 2749 pudicitiam
546 2675 616 2731 etad
626 2693 682 2732 rem
695 2674 835 2732 tutandam
846 2677 925 2732 sient.

290 2765 366 2830 Quod
378 2781 429 2838 ego
443 2781 492 2838 per
508 2765 579 2820 hanc
592 2773 619 2821 te
633 2764 754 2821 dextram
769 2781 816 2822 oro
832 2776 859 2823 et
873 2766 983 2839 genium
999 2773 1084 2834 tuom,

291 2856 340 2912 Per
354 2864 428 2911 tuam
443 2855 534 2923 tidem,
549 2843 653 2930 perque
666 2855 747 2928 hujus
759 2854 933 2912 solitudinem

288 2944 326 3000 To
339 2945 470 3014 obtestor,
483 2962 517 3001 ne
531 2945 619 3002 abste
634 2945 703 3002 hanc
716 2963 855 3020 segreges,
872 2963 924 3002 neu
939 2946 1058 3003 deseras.

291 3034 316 3090 si
328 3041 354 3090 te
365 3034 394 3088 in
414 3035 535 3106 germani
549 3035 642 3091 fratris
656 3035 737 3091 dilexi
752 3035 821 3106 loco,

291 3122 351 3178 Sive
366 3121 424 3178 haec
437 3130 463 3178 te
479 3122 565 3179 solum
581 3141 690 3197 semper
705 3123 768 3181 fecit
781 3125 907 3193 maxumi,

291 3212 342 3266 Seu
357 3210 404 3265 tihi
421 3211 557 3282 morigera
571 3211 622 3267 fuit
638 3212 665 3266 in
677 3213 760 3268 rehus
773 3213 908 3279 omnihus,

292 3301 330 3355 'l'e
344 3299 388 3355 isti
405 3298 491 3355 virum
508 3300 552 3367 do,
569 3300 694 3370 amicum,
710 3309 839 3368 tutorem,
852 3310 973 3376 patrem:

291 3390 364 3447 Boua
378 3398 472 3446 nostra
486 3389 544 3446 haec
558 3390 606 3446 tibi
622 3391 751 3464 permitto
766 3398 794 3447 et
808 3400 861 3448 ture
876 3392 975 3448 rnando
990 3393 1053 3449 sule.
1071 3413 1083 3447 r

214 3500 216 3505 ·
291 3479 365 3535 Hauc
381 3479 418 3534 mi
433 3478 460 3534 in
476 3495 584 3534 manum
601 3479 663 3535 dat:
682 3496 755 3535 mors
770 3481 897 3536 continuo
913 3480 1000 3552 ipsam
1016 3489 1138 3556 occupat.

207 3605 209 3612 =
291 3569 405 3643 Accepi:
423 3577 561 3643 acceptam
578 3569 691 3625 servabo
705 3571 754 3641 (1).

268 3763 342 3836 Nou
353 3763 427 3859 y'anr
441 3762 497 3835 hic
510 3783 594 3834 vana
616 3760 683 3834 dici
699 3761 802 3835 sentis
815 3784 878 3835 nec
895 3761 1055 3835 lascivam
1072 3770 1210 3836 aetatem
1230 3763 1284 3836 lu-

221 3887 317 3978 dere;
327 3885 627 3985 ultimaChrysidis
635 3886 810 3960 moriturae
818 3887 934 3976 verba,
945 3886 977 3960 in
987 3887 1142 3967 animum
1156 3887 1286 3962 miseri-

221 4011 360 4087 cordem
374 4020 408 4086 et
417 4033 622 4108 generosum
636 4020 787 4108 recepta,
799 4012 1021 4110 Pamphilum
1032 4034 1111 4087 curn
1123 4013 1284 4111 Glycerio

254 4243 287 4309 (l)
304 4242 397 4306 Andr,
419 4245 438 4304 l,
455 4244 477 4294 5.
494 4246 550 4295 llaec
565 4246 673 4294 referens
688 4247 775 4295 Fcnclo
791 4246 891 4295 scribit:
911 4263 921 4290 v
938 4245 1005 4295 lloici
1021 4260 1053 4294 un
1067 4246 1128 4296 recit
1140 4246 1171 4295 orl
1185 4245 1209 4296 la
1224 4261 1285 4308 pas-

224 4328 277 4376 sion
289 4327 356 4388 parlc
369 4329 437 4375 toute
451 4327 526 4374 seule.
543 4344 553 4372 v
573 4325 666 4388 (lettre
680 4323 694 4376 u
710 4325 860 4377 l'Acude'mr'c
873 4325 1004 4388 hermuino,
1020 4327 1080 4390 l'll.)
