3030 5266
742 558 899 619 -10-

289 695 371 769 huic
389 696 551 784 minatuS,
567 695 648 773 ,auri
673 702 807 766 tantum
834 694 933 767 multi
948 696 1072 790 pretio,
1097 694 1239 768 Veneris
1255 693 1364 768 lasti-

289 821 393 895 diosae
409 828 544 918 partem
557 821 653 894 emit.
674 819 782 909 Alter,
797 842 923 916 nempe
934 820 1080 894 Strabax
1095 819 1164 910 ille,
1182 819 1363 916 squalidus

290 945 780 1045 aspectu,borridusingeni0,
794 946 951 1019 crumina
963 946 1064 1046 minis
1079 945 1359 1043 gravidaplacet,
1472 975 1476 990 ¹

290 1083 324 1148 et
351 1072 530 1145 stultitiam
550 1094 649 1146 suam
677 1070 785 1144 lassus
815 1071 916 1144 simul
940 1094 980 1145 ac
1006 1094 1151 1169 crepans
1179 1094 1358 1162 nummm,

290 1197 451 1297 prasenti
480 1198 627 1295 pecunia
658 1204 864 1294 praesentem
895 1219 1049 1270 amorem
1074 1197 1192 1295 exigit.
1226 1197 1362 1284 Quibus

291 1321 431 1419 quidem
460 1322 564 1395 etiam
591 1321 726 1419 pejores
752 1300 987 1395 adolescentes
1016 1321 1108 1395 circa
1126 1321 1360 1396 Phronesium

290 1448 444 1523 assiduos
455 1471 526 1522 esse
544 1471 586 1522 ex
600 1447 755 1544 Astaphii
770 1447 883 1520 verbis
900 1447 1064 1544 suspicari
1083 1471 1279 1544 possumus,
1299 1472 1361 1522 eos

291 1575 418 1649 scilicet
443 1597 530 1671 quos
560 1574 639 1672 vigil
668 1573 791 1646 ancilla
818 1573 942 1647 merito
972 1571 1193 1662 reformidat,
1224 1572 1361 1646 loribus

292 1701 467 1797 propiores
506 1722 611 1797 quam
656 1697 892 1793 amatoribus3
935 1698 1047 1795 digitis
1086 1698 1179 1772 enim
1215 1699 1363 1773 aduncis

292 1826 431 1915 armati,
453 1824 567 1923 utqui
588 1848 657 1899 non
684 1831 818 1898 tanturn
845 1824 939 1897 savia
958 1846 1080 1920 rapere
1106 1824 1248 1913 soleant,
1274 1847 1362 1922 quas

292 1952 423 2026 steriles
446 1953 630 2026 attulerant
652 1973 788 2039 manus,
809 1950 965 2049 gravidas
991 1949 1083 2023 foras
1106 1959 1301 2047 exportant,
1327 1958 1362 2024 et

257 2079 433 2153 'Veneris
481 2078 641 2175 auspiciis
692 2077 856 2175 ingrcssi,
910 2076 1080 2150 Mercurio
1125 2076 1210 2151 duce
1256 2100 1361 2175 egre-

292 2203 435 2277 diuntur
458 2204 520 2299 tl).
1097 2301 1101 2306 Ι

340 2328 1364 2404 Adulescentibussoladuotislibidinerectcannumeraveris

287 2467 330 2573 ‚el
357 2455 390 2527 in
420 2453 627 2526 Mostellaria
661 2455 925 2529 Callidamatem
957 2453 1155 2528 econvivio
1188 2453 1231 2527 ad
1269 2453 1363 2526 aliud

294 2579 660 2658 conviviumtitubanti
670 2580 780 2677 gradu
790 2587 1023 2654 transeuntem
1035 2577 1363 2676 (2),atquetandem

294 2716 377 2806 potu
404 2707 533 2780 victum
560 2706 651 2781 inter
678 2706 799 2780 amicae
832 2706 974 2779 brachia
1004 2704 1184 2801 crapulam
1217 2704 1365 2800 turpiter

295 2833 559 2924 edormientem,
571 2841 605 2908 et
617 2832 651 2905 in
661 2833 824 2907 Asinaria
834 2832 1018 2906 Diabolum
1032 2830 1223 2904 meretricis
1238 2829 1364 2924 cupitae

296 2969 405 3034 totum
440 2982 572 3032 annum
605 2960 723 3058 uiginti
755 2961 858 3033 minis
894 2958 1136 3048 aestimantem,
1170 2978 1365 3053 corpusque

297 3086 400 3159 veluti
430 3106 596 3176 mercem,
623 3108 693 3180 qua
720 3086 808 3157 solus
833 3085 984 3183 potiatur
1008 3106 1049 3157 ac
1082 3081 1228 3174 fruatur,
1261 3081 1364 3155 certis

297 3208 483 3308 syngraphi
502 3208 639 3304 legibus
655 3209 718 3281 sibi
732 3209 842 3284 addici
852 3210 1033 3307 jubentem
1048 3207 1112 3306 (3).
1129 3207 1197 3280 lllis
1209 3204 1367 3304 pessimis

298 3336 438 3425 relictis,
467 3337 551 3410 alios
570 3358 768 3431 quaeramus
790 3357 855 3407 non
878 3310 1014 3430 semper
1034 3356 1167 3408 meram
1186 3331 1365 3405 libidinem

297 3461 478 3559 spirantes,
494 3464 562 3535 sive
581 3460 798 3534 dulcedinem
819 3460 945 3534 amoris
968 3483 1036 3532 non
1061 3466 1193 3532 tantum
1212 3455 1367 3531 sensibus

300 3588 358 3660 sed
377 3587 494 3660 animo
517 3609 655 3684 quoque
674 3586 849 3683 paulisper
868 3593 1041 3659 commoto
1062 3583 1271 3681 percipiunt,
1295 3580 1365 3654 sive

331 3765 365 3828 (l)
384 3767 470 3815 Confer
485 3765 606 3825 Ovidium,
622 3764 671 3814 Ars
681 3764 812 3824 amatoria,
826 3765 869 3823 lll,
884 3761 1008 3811 lernau:

472 3863 584 3911 Forsitan
599 3877 629 3910 ex
642 3863 729 3909 borum
744 3876 845 3910 numero
860 3861 1012 3910 cultissimus
1024 3861 1066 3909 ille

504 3946 551 3991 Fur
563 3942 603 4002 sit,
618 3945 641 3990 et
653 3947 739 3989 uratur
750 3941 827 3990 vestis
840 3955 923 3989 amore
936 3948 993 3989 tuae.

476 4039 486 4066 n
502 4022 587 4070 Redde
603 4036 685 4070 meum
700 4038 722 4079 u,
740 4022 847 4069 clamant
861 4021 974 4081 spoliatae
990 4033 1055 4081 saepe
1069 4020 1176 4081 puellae:

507 4119 517 4146 n
534 4103 618 4150 Redde
633 4115 714 4150 meum
731 4118 752 4161 n,
768 4104 819 4148 tcto
834 4114 892 4149 voce
906 4090 999 4149 boante
1013 4101 1073 4149 loro.

335 4196 369 4260 (Ξ)
386 4196 548 4259 Mostellaria,
563 4200 584 4258 l,
598 4198 624 4248 l.

335 4276 523 4341 (allstn.‚1v,
550 4278 573 4327 1.
594 4281 659 4341 tege
683 4282 748 4342 quod
768 4281 864 4330 llaudet
887 4283 988 4329 annotat
1011 4276 1218 4340 depectionibus
1243 4273 1368 4323 amatoriis

304 4356 378 4421 (Call.
388 4357 518 4421 Lemaire).
