3030 5266
674 572 833 634 ...12-

268 698 477 799 Argyrippus
500 713 616 779 autern
640 708 763 784 ardore
789 709 890 783 simul
917 719 951 784 et
973 711 1089 806 lepore
1115 704 1292 787 sermonis

220 843 298 895 oum
319 825 473 901 Philenic
491 853 588 925 paene
607 834 795 924 contendit,
812 859 919 932 quum
935 836 1015 910 huic
1034 839 1170 935 roganti
1188 865 1196 912 :

292 1040 345 1095 Cur
360 1048 398 1111 tu,
413 1043 538 1114 obsecro,
553 1046 682 1104 inmerito
698 1067 758 1106 mea
773 1068 816 1106 me
832 1051 914 1107 morti
929 1051 1030 1108 dedere
1043 1055 1142 1125 optas‘l

222 1235 296 1314 haec
311 1245 429 1317 suavia
444 1254 477 1320 et
493 1246 632 1323 incensa
655 1252 836 1348 respondet
854 1282 861 1323 :

292 1466 349 1538 Ego
364 1471 408 1524 te!
425 1472 507 1543 quisi
523 1474 681 1548 intellegam
696 1478 811 1532 deficere
827 1478 891 1546 vita,
902 1480 961 1551 J‘am
976 1479 1035 1552 ipse

294 1555 380 1612 Vitam
396 1577 483 1615 meam
499 1562 547 1618 tibi
561 1563 673 1637 largiar,
688 1576 714 1622 et
727 1567 760 1622 de
773 1585 833 1623 mea
846 1568 880 1623 ad
891 1575 966 1624 tuam
978 1568 1086 1624 addam.

223 1755 293 1829 Nec
307 1759 421 1834 minus
435 1761 538 1863 digna
558 1767 697 1863 paribus
711 1769 833 1842 animis
846 1792 887 1844 ea
900 1793 978 1867 qua
991 1779 1207 1867 sequuntur:

225 1977 301 2036 Prun.
319 2013 352 2025 —
367 1984 420 2041 Cur
434 2004 501 2061 ergo
516 1989 648 2047 minitaris
663 1992 713 2048 tihi
728 2002 755 2050 te
770 1995 852 2050 vitam
867 2011 926 2050 esse
939 1994 1125 2050 amissurum?

367 2075 432 2131 llam
448 2079 513 2151 quid
525 2097 567 2135 me
582 2082 712 2138 facturam
726 2091 815 2156 putas,
831 2085 853 2139 si
870 2085 948 2152 istuc,
961 2085 1033 2157 quod
1049 2084 1127 2151 dicis,
1143 2086 1232 2141 faxis‘?

224 2196 290 2252 Anat.
305 2230 340 2240 -
352 2199 373 2256 Ο
387 2204 468 2258 melle
482 2206 554 2261 dulci
570 2207 674 2264 dulcior
689 2210 756 2264 mihi
771 2217 802 2265 tu
818 2211 864 2266 es!

641 2334 802 2392 Purunntuu.
819 2369 854 2378 -
868 2336 945 2393 Certe
959 2336 1031 2392 enim
1045 2346 1074 2392 tu
1088 2336 1142 2393 vita
1155 2353 1184 2391 es

281 2415 360 2485 ¹llihi
377 2434 382 2470 :
400 2420 579 2492 complectere.

454 2549 522 2604 Aac.
539 2583 573 2592 -
588 2550 667 2608 Facio
682 2552 788 2609 lubens.

685 2678 732 2734 Pu.
748 2711 784 2719 —
799 2679 906 2736 Utinam
921 2679 961 2734 sic
974 2680 1121 2736 elleramur
1134 2680 1194 2750 (t)!

223 2873 333 2971 Prope
353 2885 403 2950 est
428 2885 464 2950 ut
483 2887 685 2975 exoptemus
712 2878 947 2953 dulcissimum
975 2878 1056 2951 illud
1077 2879 1286 2977 colloquium

223 2997 279 3072 hic
296 2999 399 3076 finem
420 3003 594 3096 habitisse,
620 3015 654 3078 ct
676 3004 841 3090 fabulam,
867 3004 1008 3101 reliquis
1031 3002 1283 3095 deficientibus

222 3124 312 3198 haud
334 3127 500 3226 integram
522 3129 564 3202 ad
587 3152 649 3203 nos
667 3129 878 3226 pervenisse;
904 3129 1079 3203 amoribus
1101 3129 1193 3203 enim
1215 3138 1285 3203 tam

222 3252 371 3325 suaviter
383 3252 595 3326 adumbratis
616 3253 791 3350 indulgere
808 3253 910 3345 pubis
926 3254 1085 3345 licuisset,
1103 3276 1209 3351 quum
1226 3276 1286 3328 eos

222 3377 487 3474 conjecisscmus
510 3380 554 3452 ab
573 3379 710 3476 incepto
736 3377 779 3452 ad
804 3384 913 3452 imum
939 3378 1002 3450 sibi
1025 3380 1227 3469 constitisse,
1250 3389 1285 3455 et

221 3527 322 3577 suum
339 3505 490 3599 leporem
508 3514 616 3580 totum
634 3505 812 3583 retinuisse
823 3533 832 3593 ;
861 3505 909 3578 eis
930 3513 1046 3580 autem
1068 3506 1210 3579 Plautus
1225 3505 1284 3579 diu

221 3651 362 3726 parcere
378 3631 500 3721 noluit,
515 3641 619 3728 atque
638 3632 740 3706 etiam
761 3638 872 3704 tantas
892 3629 1044 3703 maculas
1061 3630 1232 3726 impressit
1247 3639 1286 3704 ut

216 3756 427 3853 jucunditas,
450 3781 518 3855 qua
536 3755 663 3852 perfusi
682 3764 793 3847 erant,
814 3756 848 3828 in
869 3754 1059 3830 faeditatem
1075 3779 1111 3829 sc
1127 3756 1280 3830 verterit.

269 3885 385 3972 Quum
401 3883 519 3981 viginti
536 3882 637 3955 minis
660 3882 871 3981 Argyrippus
889 3891 992 3980 egeat
1014 3891 1052 3954 ut
1075 3881 1220 3955 amicam
1247 3882 1282 3954 in

221 4008 413 4086 libertatem
429 4008 590 4098 vindicet,
607 4015 641 4083 et
662 4016 713 4081 tot
731 4006 840 4080 minas
864 4009 899 4081 in
925 4007 1082 4081 crumina
1107 4029 1282 4081 servorum

220 4133 341 4208 Libani
375 4142 409 4209 et
447 4133 608 4208 Leonidae
640 4132 765 4223 rideat,
798 4132 842 4208 ad
878 4155 982 4207 omne
1020 4131 1170 4207 dedecus
1209 4154 1283 4208 sese

252 4380 382 4446 (trusa,
397 4381 477 4441 nna.
576 4426 580 4437 .
