3030 5266
571 563 731 625 -dt-

121 703 390 800 Multaquidem,
413 724 480 775 non
498 723 600 800 nego,
621 701 773 788 audebit,
797 701 877 776 deta
895 702 1087 792 occasione,
1110 702 1187 777 Cli-

112 808 235 925 ⁴tipho;
271 828 347 926 ejus
373 837 486 902 etitem
518 826 664 901 audacia
695 824 786 900 facta
812 827 993 901 Terentius
1030 828 1185 903 obscenis

120 954 244 1043 verbis,
270 961 308 1027 ut
331 954 427 1043 sota,
457 952 593 1042 amotis,
622 975 685 1049 per
711 951 886 1049 obliquam
915 976 1184 1050 suspensamque

120 1079 311 1153 orationem
342 1087 445 1176 atque
479 1101 520 1152 eo
549 1077 794 1176 jucundiorem
831 1077 1010 1176 significat.
1047 1079 1184 1154 Etenim

121 1203 304 1279 Chremete
329 1226 532 1300 persuasum
560 1202 710 1277 habente
739 1226 841 1277 suum
867 1202 978 1276 filium
1005 1202 1186 1278 Bacchidis

121 1352 240 1404 amore
254 1329 290 1402 in
306 1330 455 1427 speciem
469 1336 602 1402 tantum
616 1327 777 1426 flagrare,
792 1351 861 1425 quo
873 1329 995 1404 melius
1010 1329 1053 1403 ab
1072 1330 1185 1404 amico

120 1455 233 1529 Clinia
250 1455 478 1551 suspicionem
494 1461 638 1543 avertat,
664 1453 739 1552 ejus
760 1453 964 1528 obstinatam
986 1455 1185 1544 opinionem

121 1580 355 1668 Menedemus,
385 1579 502 1653 Clinia
530 1586 640 1676 pater,
672 1579 839 1652 simulac
867 1602 903 1654 se
932 1579 1079 1678 probare
1105 1580 1185 1677 joco

120 1703 235 1803 fingit,
263 1705 399 1802 penitus
420 1702 617 1793 labefactat,
644 1703 728 1778 dum
758 1704 1010 1780 adolescentem
1037 1704 1186 1779 ostendit

121 1831 284 1904 amatoris
302 1830 455 1926 pactibus
475 1829 561 1904 adeo
581 1829 803 1904 vehementer
825 1829 1039 1928 fungentem,
1058 1840 1096 1905 ut
1111 1854 1184 1906 nem

120 1978 218 2030 suam
232 1979 337 2053 agene
351 1955 509 2031 videatur
524 1955 635 2052 potius
653 1978 757 2052 quam
777 1955 938 2032 alienam.
1152 1937 1153 1940 ¹

120 2177 298 2234 btuuoouuus
314 2210 349 2218 -
364 2177 415 2233 Sed
428 2178 476 2233 ille
489 2188 563 2234 tuom
576 2195 684 2252 quoque
698 2180 779 2252 Syrus
793 2179 866 2234 idem
879 2179 948 2234 mine
960 2179 1036 2237 finxit
1051 2180 1148 2248 tilium,

192 2268 226 2324 Ut
237 2287 272 2324 ne
286 2269 426 2342 paululum
440 2270 551 2343 quidem
564 2269 672 2326 subolet
687 2286 746 2325 esse
762 2268 877 2325 amicam
891 2268 961 2325 banc
976 2268 1079 2325 Cliniae.

121 2395 379 2460 dunenses-Quid
393 2396 457 2451 ais?

320 2520 392 2577 ΜΕΝ.
408 2554 443 2560 -
457 2521 533 2578 Mitto
546 2522 602 2594 jam
615 2523 733 2579 osculari
747 2530 828 2596 atque
841 2522 1007 2596 amplexari:
1021 2523 1048 2577 id
1061 2522 1099 2577 nil
1109 2530 1184 2595 puto.

121 2636 188 2693 (lun.
203 2669 238 2678 -
251 2637 319 2702 Quid
332 2639 459 2710 estquod
472 2639 589 2713 amplius
603 2639 770 2695 simuletur?

627 2753 698 2811 ΜΕΝ.
719 2788 754 2796 -
774 2754 840 2811 Vah.

733 2870 782 2926 Cn.
799 2904 835 2913 -
850 2873 919 2937 Quid
935 2874 1000 2928 ost?

866 2997 938 3053 ΜΕΝ.
954 2997 1072 3053 -Audi
1093 2998 1184 3055 modo.

193 3085 241 3141 Est
255 3084 321 3140 mihi
336 3084 441 3141 ultimis
456 3084 582 3141 conclave
597 3086 625 3140 in
639 3086 745 3142 aedibus
760 3088 897 3160 quoddam
911 3095 985 3145 retro
1003 3107 1009 3142 :

192 3175 249 3231 Huc
265 3184 306 3232 est
318 3175 390 3232 intro
404 3173 475 3231 latus
488 3175 584 3243 lectus,
598 3176 767 3234 vestimentis
781 3185 882 3233 stratus
894 3184 946 3232 est.

121 3291 187 3347 dua.
196 3291 307 3356 -Quid
318 3299 464 3366 postquem
474 3292 526 3348 boc
536 3300 579 3348 est
591 3293 713 3350 sactum?

526 3408 635 3464 ΜΕΝΕΕ.
652 3442 687 3450 -
702 3410 809 3466 Dictum
816 3410 919 3467 tactum
928 3408 1188 3483 hucabiitClitipbo.

122 3495 171 3552 Cu.
187 3527 223 3535 —
237 3494 339 3551 Solus?

209 3611 281 3668 ΜΕΝ.
297 3643 333 3652 ·-
347 3610 434 3668 Solus.

205 3786 207 3791 ,
326 3727 375 3784 Cu.
392 3760 428 3768 -
441 3727 546 3785 Timeo.

412 3841 485 3898 ΜΕΝ.
501 3873 536 3882 -
550 3841 663 3899 Bacchis
678 3849 848 3900 consecutast
862 3841 935 3898 iiico.

120 3976 169 4031 Gn.
185 4006 221 4016 -
235 3973 321 4031 Sola?

195 4098 265 4154 ΜΕΝ.
280 4129 315 4139 -
329 4098 400 4155 Sola.

297 4223 345 4279 Cu.
362 4257 398 4264 -
413 4223 494 4280 Perii.

367 4349 437 4408 ΜΕΝ.
453 4383 489 4392 -
502 4350 553 4408 Ubi
565 4349 658 4408 abiere
669 4351 753 4421 intro,
767 4368 900 4426 operuere
913 4353 1022 4413 ostium.
1128 4400 1131 4406 .
1144 4416 1147 4426 V
