3030 5266
671 581 832 642 ,74-

224 723 445 796 Trinummus
471 718 613 810 iudicat,
641 718 738 815 cujus
763 719 797 791 in
828 717 969 816 prologo
998 716 1152 790 Luxuria
1184 738 1282 789 suam

219 847 324 921 filiam
341 846 496 942 Inopiam
513 846 546 918 in
563 844 741 918 Lesbonici
759 843 902 918 domum
920 866 1034 918 secum
1056 840 1197 916 adducit
1216 840 1228 938 (
1256 840 1282 938 ).

219 963 310 1052 Quid
337 985 379 1037 ex
412 962 478 1036 bac
505 961 715 1036 Philemonis
746 958 864 1034 fabula
889 969 991 1056 poeta
1014 958 1140 1031 latinus
1169 964 1285 1030 trans-

220 1089 351 1179 tulerit,
364 1088 446 1185 quid
459 1089 663 1185 neglexerit,
680 1087 714 1159 in
731 1086 837 1160 dubio
856 1093 992 1173 manet;
1009 1084 1075 1158 hoc
1093 1106 1177 1159 vero
1189 1107 1284 1157 com-

218 1222 355 1312 pertum
380 1221 430 1288 est
444 1213 673 1288 Lesbonicum
693 1219 727 1286 et
743 1211 924 1309 Lysitelem
943 1209 1056 1283 verbis
1080 1208 1284 1308 gravitatem

220 1362 399 1413 romanam
422 1337 654 1413 redolentibus
667 1336 810 1412 Veneris
827 1338 995 1433 impetum
1014 1335 1195 1426 damnare,
1217 1357 1285 1432 quo

219 1465 322 1538 simul
340 1487 393 1539 res
410 1471 445 1539 et
462 1463 609 1562 dignitas
634 1463 772 1559 penitus
793 1470 1004 1559 evertantur,
1025 1482 1090 1535 nec
1112 1461 1286 1534 immerito

220 1589 335 1665 dicere
373 1588 482 1686 potuit
519 1588 572 1662 vir
607 1586 740 1686 judicio
782 1596 817 1661 et
856 1587 1011 1663 doctrina
1043 1589 1285 1685 praestantissi-

223 1739 300 1791 mus
321 1717 479 1789 Plautum
506 1713 542 1786 in
567 1714 634 1787 hoc
661 1714 735 1788 loco
760 1735 859 1810 paene
881 1714 950 1786 uim
973 1714 1107 1811 assequi
1133 1715 1286 1789 Lucretii

222 1841 426 1939 flagitiosam
461 1849 496 1916 et
522 1839 724 1914 damnosam
758 1849 953 1913 amatorum
985 1839 1287 1936 intemperantiam

222 1966 439 2064 depingentis
465 1965 530 2065 (2).
557 1966 674 2054 Quum
698 1988 779 2039 vero
805 1965 994 2065 gravissimi
1017 1987 1197 2040 sermones
1217 1989 1289 2062 prae

223 2093 588 2190 rebusipsislanguere
603 2091 904 2166 vehementissimo
919 2091 1074 2189 scriptori
1089 2091 1288 2183 videantur,

222 2220 306 2293 alios
336 2219 467 2292 inducit
493 2216 727 2292 adolescentes
759 2240 828 2291 non
863 2225 998 2291 tantum
1032 2217 1289 2315 praeteritorum

221 2353 441 2442 peccatorum
471 2343 649 2433 memoria,
682 2343 741 2419 sed
772 2345 845 2442 ipsa
872 2344 1031 2441 praesenti
1059 2342 1287 2439 turpitudine,

223 2491 290 2566 quo
303 2467 408 2542 ducat
421 2467 581 2541 insatiata
597 2467 716 2557 libido,
739 2468 879 2543 viridius
900 2468 1130 2542 ostendentes.
1146 2469 1186 2540 ln
1208 2490 1290 2542 me-

223 2594 280 2668 dio
307 2594 391 2681 luto,
421 2617 440 2669 e
467 2615 537 2690 quo
563 2592 703 2667 tandem
729 2593 938 2668 Lesbonicus
973 2594 1139 2692 emergit,
1173 2595 1291 2668 Pisto·

102 2711 105 2715 ’
223 2718 336 2792 clerus
361 2726 395 2793 et
419 2719 613 2792 Dinarchus
641 2719 754 2792 adhuc
792 2721 1011 2809 volutantur,
1043 2719 1146 2794 ambo
1175 2720 1226 2794 rei
1257 2727 1291 2793 et

225 2844 327 2919 lamae
355 2868 426 2918 suae
451 2845 594 2933 inimici,
630 2867 710 2920 vere
725 2846 826 2942 probi
850 2860 1016 2918 amotores
1040 2846 1103 2942 (3),
1125 2852 1161 2918 ut
1175 2844 1291 2919 vorbis

223 2971 390 3044 Plautinis
405 2980 496 3062 utar,
513 2971 704 3068 proborum
732 2971 886 3044 lentarum
906 2970 1003 3044 bonis
1030 2970 1194 3045 dentibus
1217 2992 1292 3044 sese

225 3097 427 3171 lacerandos
443 3098 656 3195 objicientes.
672 3097 770 3171 Tales
782 3106 953 3171 amatores
968 3119 1077 3194 quum
1096 3096 1290 3194 effingeret,

225 3222 391 3305 Plautum·
418 3222 585 3318 suspicor,
620 3222 780 3297 liberiore
804 3222 1099 3319 interpretatione,
1127 3230 1166 3295 ut
1189 3223 1290 3313 solet,

228 3356 394 3440 utentem,
412 3348 487 3445 jam
514 3369 583 3421 non
610 3348 654 3422 ἃᾶ
673 3348 884 3444 exemplaria
905 3333 1030 3446 graeca,
1055 3370 1120 3421 nec
1145 3370 1294 3445 praeser-

228 3474 289 3547 tim
299 3473 342 3549 ad
362 3473 591 3548 Menandreos
604 3472 850 3561 adolescentes,
865 3473 967 3547 insita
979 3472 1187 3548 verecundia
1202 3483 1294 3548 tem-

226 3608 375 3696 peratos,
397 3599 595 3696 respexisse,
617 3598 676 3674 sed
696 3599 739 3673 ad
763 3600 866 3673 vitam
888 3599 996 3696 ipsam
1015 3599 1107 3674 etad
1135 3600 1209 3673 illos
1228 3600 1294 3674 sibi

226 3726 416 3822 propiores,
441 3725 534 3799 baud
563 3726 725 3822 exiguam
753 3726 945 3822 juventutis
968 3748 1121 3800 romanae
1140 3733 1292 3822 partem,

228 3851 442 3946 voluptatum
463 3873 482 3923 e
504 3850 639 3924 Graecia
651 3850 775 3923 etllsia
789 3850 929 3924 devictis
945 3852 986 3924 ad
1003 3851 1131 3925 Urbem
1149 3851 1296 3927 affluen-

260 4045 293 4109 (t)
315 4045 454 4095 Trinummi
464 4048 589 4109 prologus,
609 4048 693 4109 paucis
707 4048 818 4095 versibus
832 4048 951 4110 exceptis,
966 4063 1023 4097 vere
1037 4049 1164 4099 Plautinus
1178 4051 1295 4100 babetur.

239 4127 299 4175 vide
317 4127 442 4184 Dziatnko,
465 4126 500 4175 De
519 4126 628 4190 prologis
650 4126 775 4176 Plautinis
792 4129 817 4175 et
838 4127 993 4177 Terentianis
1018 4128 1163 4192 quaestiones
1188 4129 1295 4181 selectoe.

229 4209 330 4266 Bonum,
347 4203 428 4266 1864.)

260 4287 292 4347 (ἓ)
311 4288 390 4347 Petis,
407 4267 499 4338 illudes
513 4302 556 4337 sur
570 4288 595 4338 ln
608 4287 690 4352 poe'sie
706 4289 792 4347 latine,
808 4291 841 4350 ll,
852 4304 877 4351 p.
890 4288 944 4338 249.

261 4369 296 4433 (3)
315 4369 489 4431 Proculcntua,
505 4370 524 4431 1,
538 4370 561 4418 P.
