3030 5266
591 527 747 588 ...15-

137 685 378 759 suspensurus,
395 662 473 735 dein
497 670 531 735 et
549 683 585 734 se
600 669 634 735 et
649 663 810 736 lenonem
830 684 900 734 nna
913 684 1075 750 caesurus,
1093 683 1203 757 quum

139 787 236 860 restis
250 796 284 861 et
306 786 438 885 gladius
452 796 500 875 et,
517 786 633 870 credo,
646 786 687 861 ad
704 786 924 861 moriendum
944 787 1080 860 animus
1103 785 1205 858 simul

79 1006 82 1015 ¹
138 911 262 1000 desint,
286 911 391 985 vitam
422 934 559 986 servare
585 912 715 985 mavult
744 920 779 985 et
803 936 881 986 eam
906 912 1010 1009 elegis
1039 910 1206 985 efflavisse

138 1037 217 1109 satis
236 1036 344 1110 habet
362 1065 371 1107 ε

283 1236 364 1300 Quasi
382 1235 532 1292 solstitialis
548 1236 633 1290 herba
648 1236 787 1308 paulisper
802 1235 859 1291 fui:

282 1326 402 1399 Repente
417 1334 528 1382 exortus
543 1343 623 1393 sum;
640 1325 782 1406 repentino
799 1325 885 1381 occidi
901 1326 952 1402 (l).

188 1515 226 1586 ln
243 1514 355 1587 irritas
368 1537 479 1603 voces,
501 1513 625 1611 quibus
641 1515 763 1587 saltem
783 1536 852 1586 non
877 1522 968 1612 egat,
982 1522 1103 1588 contra
1124 1515 1205 1588 Ral-

138 1639 278 1729 lionem,
301 1640 466 1714 lenonum
485 1640 643 1713 omnium
663 1640 900 1728 durissimum,
918 1639 1126 1727 eduarditur3
1150 1640 1206 1714 ille

139 1785 220 1839 uero
239 1786 360 1861 preces
374 1773 409 1837 ot
422 1763 567 1837 crimina
576 1772 610 1837 et
620 1763 848 1837 contumelias
864 1763 1077 1860 ingerentem
1096 1765 1206 1838 multa

139 1912 220 1963 cnm
240 1889 427 1964 acerbitate
445 1889 575 1977 irridet,
596 1911 659 1963 nec
681 1889 755 1986 ejus
772 1889 940 1961 voluntati
965 1889 1028 1961 nisi
1044 1890 1156 1986 specie
1174 1899 1208 1964 et

140 2039 202 2112 per
220 2016 407 2089 ludibrium
422 2015 634 2113 obsequitur.
648 2006 812 2088 dninium
826 2015 941 2088 minus
952 2014 1084 2090 virilem
1102 2039 1207 2114 quam

140 2142 246 2238 hujus
260 2142 422 2215 amatoris
435 2165 529 2239 aegre
545 2140 708 2238 reperias
726 2140 891 2214 Pseudolo
912 2139 1004 2215 enim
1024 2165 1085 2216 suo
1110 2165 1208 2216 servo

140 2292 288 2365 semper,
307 2277 345 2342 ut
364 2269 411 2342 ila
430 2269 557 2355 dicam,
573 2254 696 2340 affixus
717 2291 753 2341 se
771 2276 880 2341 totum
905 2268 1009 2342 tradit
1033 2269 1208 2366 adjuvan-

141 2393 225 2467 dum
249 2394 352 2468 simul
371 2403 405 2468 et
429 2393 664 2484 irridendum,
689 2393 965 2490 necquidquam
989 2394 1060 2493 agit
1082 2395 1144 2467 nisi
1167 2418 1207 2469 eo
1257 2425 1259 2430 ·

141 2528 371 2594 succurrente.
393 2519 562 2594 Pseudolo
581 2527 659 2618 eget
680 2519 738 2617 qui
757 2518 876 2592 litteris
899 2518 1070 2594 Phoenicii
1083 2523 1207 2620 legen-

127 2627 192 2718 ⁸dis
209 2645 273 2717 sibi
288 2644 376 2718 adsit
390 2653 424 2719 et
439 2644 584 2719 adsseat:
639 2627 642 2635 ⁵

142 2857 205 2913 usn.
222 2888 257 2896 -
272 2856 319 2912 Est
333 2856 432 2912 misere
447 2851 587 2930 scriptum,
603 2857 745 2913 Pseudnle.

587 2982 687 3038 Psnnn.
705 3014 740 3022 -
755 2983 776 3039 0
792 2983 973 3039 miserrume!

143 3089 208 3144 Gna.
226 3120 261 3128 —-
276 3089 347 3153 Quin
360 3089 410 3144 ssas
424 3088 488 3160 (Pl

142 3279 222 3368 eget
235 3270 356 3345 endam
378 3271 437 3369 qui
455 3292 572 3344 seeum
591 3270 624 3341 in
641 3271 800 3346 lenonem
820 3274 975 3348 convicia
993 3275 1146 3373 injiciat:

214 3483 356 3552 Pseudolo,
373 3484 473 3539 adsiste
487 3483 660 3554 altrinsecus,
677 3493 757 3558 atque
772 3503 856 3543 onera
867 3487 940 3544 hunc
951 3488 1104 3546 maledictis
1119 3489 1169 3561 (3).

190 3688 301 3783 Negat
318 3683 477 3757 lacrimas
488 3683 688 3773 Pseudolus,
707 3685 882 3780 pumiceas
902 3688 1018 3760 oculos
1032 3697 1205 3779 causatus,

143 3834 207 3885 nec
219 3833 276 3884 eas
295 3810 330 3881 in
346 3809 409 3898 ¹tali
428 3831 465 3883 re
487 3809 609 3884 decere
625 3818 716 3883 ratus
738 3810 802 3883 nisi
824 3822 1022 3910 argenteas;
1055 3815 1208 3889 convicia

143 3958 209 4009 non
231 3942 346 4033 negat,
358 3944 393 4007 ut
412 3933 467 4007 cui
482 3956 660 4031 nunquam
674 3958 715 4010 ea
733 3935 854 4009 desint.
876 3938 1001 4011 Omnia
1019 3939 1209 4014 Pseudolus

174 4126 207 4222 (l)
226 4157 370 4217 Pseudolus,
386 4158 406 4218 l,
421 4158 444 4206 1.

173 4239 208 4302 (P)
226 4238 325 4297 Pseud,
342 4241 360 4298 l,
379 4240 398 4285 l.

172 4320 206 4383 (3)
224 4320 324 4380 Pseud,
342 4321 361 4378 l,
376 4321 398 4368 3.
