3030 5266
614 586 753 647 ..7-

838 721 930 795 Euge!
945 721 1040 777 Funde
1055 729 1083 778 et
1097 721 1179 789 aedes,

292 811 343 866 Per
358 819 467 885 tempus
482 809 647 867 subvenistis
663 812 673 882 (
692 813 711 881 l,

151 1027 286 1093 amator
313 1021 497 1111 exclamat,
523 1041 626 1094 causa
657 1019 855 1093 mutationis
878 1017 1014 1093 facilius
1038 1027 1213 1116 percepta,

66 1142 70 1149 ’
151 1152 345 1220 nontamen
361 1145 543 1218 blanditias
553 1145 683 1240 respuit
694 1168 779 1241 quas
797 1145 847 1219 rei
860 1168 945 1238 suae,
967 1168 1034 1219 non
1050 1145 1128 1235 sibi,
1143 1144 1217 1218 dari

151 1293 214 1367 pro
236 1269 415 1345 manifesto
440 1271 559 1361 habet,
585 1293 650 1344 uec
675 1270 875 1370 indignatur
899 1271 1001 1344 simul
1027 1270 1172 1345 audiens
1197 1293 1218 1344 a

151 1398 339 1471 Phronesio
369 1420 404 1471 se
426 1397 528 1470 unice
555 1396 678 1488 amari,
704 1419 851 1494 eamque
878 1420 897 1472 e
928 1396 1037 1471 milite
1064 1395 1217 1495 Babylo-

153 1522 260 1597 niensi
276 1545 387 1619 nuper
401 1522 537 1597 enixam
554 1521 675 1611 luisse;
699 1522 783 1609 imo,
804 1546 913 1619 quum
933 1523 1082 1596 amicam
1101 1522 1148 1595 ita
1164 1525 1217 1595 sui

151 1649 332 1746 prodigam
346 1648 437 1722 videt
465 1647 697 1738 incedentem,
726 1670 795 1722 non
818 1656 930 1746 potest
956 1648 1040 1745 quin
1060 1648 1216 1722 suavissi-

41 1811 43 1815 ⁴
151 1775 216 1847 mis
238 1774 349 1848 verbis
365 1796 442 1847 eam
457 1772 626 1868 excipiat:

365 2036 369 2043 ,
435 2026 438 2031 ,
613 1977 616 1979 ’
681 1977 734 2032 Ver
748 1977 827 2032 videl

295 2067 328 2125 Ut
342 2075 398 2124 tota
412 2067 509 2124 floret!
526 2074 555 2123 ut
570 2066 643 2122 olet!
660 2073 690 2122 ut
704 2067 788 2122 nitide
804 2067 889 2123 nitet!

152 2309 263 2395 Quam
298 2303 401 2377 modo
434 2311 576 2401 propter
610 2325 723 2377 mores
754 2301 865 2376 fredos
903 2303 1030 2376 vulturi
1062 2303 1216 2400 praedam

152 2428 324 2504 olfacienti
344 2427 580 2524 comparabat,
603 2450 696 2501 nunc
715 2457 729 2494 u
753 2451 812 2501 ver
829 2450 965 2502 merum
985 2457 1002 2497 »
1019 2429 1158 2519 salutat,
1183 2439 1218 2504 et

30 2596 34 2601 ·
152 2557 187 2629 in
207 2578 350 2653 corpore
370 2554 521 2629 formoso
542 2562 680 2651 turpem
705 2553 861 2628 animum
886 2554 994 2629 latere
1016 2554 1068 2629 vel
1093 2578 1217 2652 parum

153 2681 322 2772 meminit,
340 2681 392 2754 vel
405 2702 528 2776 parum
542 2688 652 2753 curat.

200 2807 284 2904 Ejus
295 2806 407 2902 prima
417 2803 552 2878 fastidia
563 2805 684 2880 leviter
696 2803 877 2903 castigans
891 2805 1016 2893 oscula,
1027 2805 1111 2880 dum
1123 2806 1216 2896 licet,

152 2931 359 3004 fortunatior
374 2933 469 3019 Jove,
494 2953 599 3027 quam
627 2929 777 3027 plurima
800 2929 918 3018 sumit,
945 2937 980 3004 et
1006 2930 1216 3022 mercedem,

153 3057 275 3132 osculis
303 3056 357 3129 vix
384 3055 542 3152 sumptis,
567 3054 681 3128 statim
703 3053 955 3150 expostulatam
975 3055 1081 3128 alacri
1102 3063 1220 3131 mente

152 3181 332 3282 promittit.
356 3181 486 3254 Amicae
507 3179 700 3256 confitentis
718 3203 754 3253 se
775 3179 859 3254 falso
881 3180 1052 3277 peperisse
1074 3188 1107 3254 et
1127 3203 1220 3278 pue-

152 3332 231 3381 rum
253 3306 437 3404 diripiendi
458 3305 716 3405 Babyloniensis
742 3305 859 3378 militis
877 3327 983 3380 causa
1004 3306 1221 3403 supposuisse
1259 3393 1264 3400 ,

152 3454 347 3507 sermonem
363 3432 409 3504 ita
428 3441 586 3527 apertum
608 3431 725 3527 magni
750 3453 834 3529 erga
854 3453 891 3504 se
914 3431 1043 3505 amoris
1067 3431 1220 3505 certissi-

154 3581 251 3631 mum
263 3557 365 3630 habet
377 3558 489 3653 (utet
500 3556 573 3654 jam
585 3563 747 3630 mutuum
758 3578 914 3630 amorem
929 3555 1089 3630 maximis
1101 3579 1222 3631 mune·

154 3684 251 3757 ribus
264 3680 438 3755 mittendis
451 3680 595 3756 reddere
611 3681 724 3782 gestit.
742 3682 813 3756 Cur
824 3682 1015 3777 nonpotius
1027 3682 1175 3756 miratur
1188 3689 1223 3756 et

154 3809 342 3884 meditatur
359 3807 463 3882 etiam
474 3807 625 3903 apertius
634 3806 812 3882 Phronesii
827 3830 1029 3905 responsum
1045 3830 1222 3905 quosnam

65 3989 67 3994 ·
154 3935 334 4008 avaritiam
350 3943 455 4008 totam
471 3931 656 4030 patefacit:

188 4219 222 4284 (1)
243 4218 417 4277 laeculentum
433 4215 486 4277 l,2.

188 4299 222 4364 (2)
364 4297 478 4346 Ostendit
492 4310 547 4345 sese
558 4294 610 4358 jam
622 4293 683 4343 mihi
698 4294 839 4345 medullitus

365 4379 397 4429 Se
408 4377 470 4427 mihi
484 4376 610 4426 infidelem
622 4389 766 4438 numquam,
777 4389 805 4426 sc
818 4376 881 4435 vira,
894 4377 954 4426 tore.
