3030 5266
781 497 938 558 ..28-

330 639 568 735 iucrupautcm
593 662 601 709 ι
631 629 804 710 Tibullum
824 633 936 731 ipsum
961 633 1004 708 ad
1028 634 1174 732 januam
1189 634 1302 709 Deliae
1331 658 1414 711 mc-

331 764 436 839 rantis
454 761 626 859 arderent
644 759 742 857 queri
761 758 933 836 crederes.
1360 762 1362 767 ’

472 987 587 1056 Pessnli,
602 985 669 1042 heus
682 984 794 1059 pessuli,
810 1002 857 1042 vus
870 987 958 1043 saluto
971 987 1078 1056 lubens,

472 1077 525 1132 Vos
540 1093 612 1145 amc,
628 1092 675 1131 vus
691 1074 762 1144 vclc,
779 1093 825 1132 ras
840 1084 904 1151 peta
920 1084 1001 1150 atque
1017 1078 1140 1145 cbsccrc,

473 1166 562 1223 Gcritc
576 1166 675 1222 amanti
690 1166 755 1221 mibi
770 1183 873 1223 morem
887 1167 1082 1223 amoenissumi.

474 1346 614 1414 Subsilite,
629 1346 754 1414 obsecro,
771 1357 798 1402 ct
812 1347 912 1402 mittite
928 1346 1015 1402 istanc
1030 1346 1110 1416 laras

474 1438 538 1501 Qum
551 1435 618 1490 mibi
630 1436 731 1491 rniscrc
745 1437 847 1492 amanti
860 1434 947 1490 ebibit
958 1435 1128 1509 sanguinem.

474 1526 529 1582 Hoc
545 1524 615 1596 vide,
633 1534 662 1582 ut
677 1525 815 1582 dormiunt
829 1524 930 1598 pessuli
945 1527 1077 1600 pessumi,
1095 1569 1097 1574 ι

473 1616 527 1671 Nec
541 1632 601 1670 mea
614 1615 702 1688 gratia
715 1622 876 1672 conmcvent
888 1631 917 1670 se
930 1616 1015 1672 acius.
1178 1602 1180 1606 ’

379 1824 504 1899 Omnia
526 1834 619 1899 muta
636 1824 768 1900 inducit
783 1825 970 1923 loquentia,
988 1847 1052 1900 nec
1072 1825 1184 1900 minus
1198 1849 1304 1923 quant
1323 1853 1409 1928 pes-

330 1945 421 2026 sulus
437 1950 618 2058 compellat
632 1959 665 2027 et
686 1959 845 2049 precatur
859 1949 1037 2048 adspersas
1056 1951 1133 2026 vinc
1156 1951 1245 2026 lcres
1264 1978 1272 2026 ;

699 2166 777 2240 dgite
793 2165 887 2234 bibite,
904 2166 1007 2223 festiva
1022 2167 1104 2235 sores,
1202 2166 1207 2182 ‘

475 2257 577 2323 Putate,
593 2258 637 2314 lite
651 2257 717 2312 aiibi
732 2257 852 2314 volentes
865 2257 1000 2330 propitiae.

475 2437 559 2493 Viden
575 2445 605 2493 ut
620 2436 778 2510 aperiuntur
791 2436 865 2492 indes
880 2437 1069 2494 festivissuman
1084 2440 1089 2493 ἔ

474 2528 541 2584 Num
558 2527 650 2584 muttit
664 2527 770 2583 uardc‘?
785 2534 827 2581 ast
841 2525 947 2601 lepidus
963 2529 973 2598 (
994 2530 1012 2598 ).

380 2741 593 2818 Omniavilia
605 2740 795 2834 sordidare,
817 2766 924 2841 quum
939 2744 1014 2842 ejus
1030 2743 1206 2842 ingenium
1223 2767 1323 2819 amur
1341 2745 1405 2820 in-

329 2871 423 2954 citet,
444 2869 608 2944 orationis
629 2868 742 2943 nitere
763 2878 907 2944 exornat
935 2878 1038 2967 atque
1064 2870 1221 2944 illustrat.
1248 2872 1406 2948 Custode

330 2996 491 3070 Palinuro
510 3017 650 3070 cereum
676 2993 890 3091 increpante,
908 3017 1012 3092 quem
1038 3004 1227 3070 nocturnus
1247 3005 1402 3089 amatur,

330 3129 495 3217 tanquam
516 3119 577 3192 sibi
598 3120 640 3191 sit
656 3141 754 3213 puer,
776 3118 808 3190 in
827 3142 929 3192 mann
950 3120 1051 3217 gerit,
1074 3120 1131 3195 hic
1144 3123 1259 3195 statim
1279 3147 1286 3194 :

422 3396 423 3401 ,
474 3344 550 3417 Egon
563 3341 731 3417 apicularum
744 3359 828 3416 cpera
840 3352 1001 3414 congestum
1014 3361 1068 3399 non
1080 3344 1175 3410 leram,

473 3432 511 3488 Ex
524 3431 594 3488 dulci
608 3431 755 3487 oriundum
768 3430 904 3486 melliculo
919 3431 990 3487 dulei
1005 3434 1087 3489 ineo?
1111 3424 1113 3428 ’
1230 3453 1231 3456 ’
1268 3436 1272 3444 ’

317 3647 320 3650 ·
342 3677 346 3689 =
381 3632 451 3708 Nec
462 3633 558 3730 jcccs
574 3629 1218 3730 nanellundit,sede0squi,ncnnullis
1232 3633 1400 3731 exceptiS,

333 3758 512 3857 ingenium
528 3756 753 3832 adolescentis
769 3778 888 3832 amare
900 3757 1130 3833 exhilaratum
1155 3759 1312 3834 deceant.
1333 3760 1403 3834 Le-

335 3894 467 3995 namur
485 3883 624 3973 alliciat,
650 3882 719 3955 vini
735 3880 855 3974 flerem
872 3884 1012 3981 spargit,
1035 3907 1098 3961 nec
1113 3886 1221 3959 solum
1241 3885 1317 3983 ejus
1336 3908 1402 3959 na-

365 4138 399 4202 (1)
417 4141 451 4188 be
464 4138 559 4188 loribus
574 4139 604 4186 ab
620 4136 718 4187 excluso
732 4142 842 4187 amatore
858 4139 1049 4205 ccrnpellatislct
1064 4138 1200 4188 obsecratis
1211 4138 1295 4189 confer
1310 4141 1403 4188 Lucre-

335 4221 404 4280 tium,
424 4219 556 4269 [lerneam
575 4220 639 4278 nat,
659 4220 697 4278 lv,
721 4217 832 4268 litant.
851 4219 1026 4278 -Tibullum,
1043 4219 1123 4282 Elep,
1142 4221 1166 4277 -l,
1182 4218 1205 4267 ⁶2.
1228 4248 1255 4255 -
1275 4221 1401 4281 Ouidium,

335 4302 402 4360 Ant,
418 4300 436 4354 1,
447 4300 470 4347 d.
484 4327 512 4335 -—
525 4300 641 4359 Persium,
652 4298 715 4358 Sat,
732 4301 757 4358 V,
774 4298 827 4347 tte.
