3030 5266
693 591 834 644 ..82-

228 721 391 819 querulos
418 728 452 794 et
477 719 646 793 clamosos
660 741 761 814 paeno
776 739 898 791 omnes
920 716 965 789 ad
992 738 1097 790 unam
1128 717 1292 816 singulari

229 844 394 941 patientia
411 842 572 928 tolerunt,
592 855 628 915 et
645 841 771 915 allectu
791 841 894 914 simul
916 863 959 914 ac
976 840 1202 916 veneratione
1223 842 1292 916 cir-

226 968 404 1043 cumdant.
429 967 495 1063 lpsi
515 967 628 1040 mariti
651 966 762 1041 verbis
783 966 918 1040 nonita
937 964 1085 1040 inficetis
1105 974 1143 1040 et
1166 966 1293 1063 asperis

225 1093 382 1181 serium,
398 1100 433 1166 et
451 1114 523 1182 eos,
539 1114 600 1166 ore
617 1100 719 1166 tenus
730 1091 914 1178 minantes,
927 1091 1034 1164 sentis
1048 1090 1142 1164 intus
1152 1090 1245 1167 llecti
1260 1101 1293 1166 et

226 1218 337 1317 magis
346 1239 450 1315 quam
464 1217 572 1292 videri
585 1217 709 1292 vellent
722 1238 973 1291 mansuescere.
988 1215 1088 1290 Adde
1096 1215 1192 1313 quod
1202 1217 1292 1313 opti-

226 1343 290 1416 mis
317 1341 468 1417 moribns
492 1351 572 1416 sunt
594 1342 715 1416 :solus
740 1341 905 1416 Chremes
933 1363 1070 1416 amores
1095 1341 1233 1416 illicitos
1259 1343 1290 1415 in

225 1469 436 1543 Phormione
453 1465 557 1556 luvet,
574 1467 635 1541 sed
653 1490 761 1564 quam
781 1466 869 1541 benc
882 1467 1023 1553 celatos,
1041 1488 1152 1564 quam
1172 1466 1291 1564 procul

221 1618 243 1667 a
267 1593 391 1670 domo!
418 1593 557 1666 lllarum
582 1593 690 1680 enim,
711 1592 837 1689 quibus
857 1615 894 1668 se
912 1591 1104 1689 impedivit,
1126 1615 1288 1682 urorum,

220 1719 373 1794 ,ltlrenas
393 1740 464 1791 una
483 1717 577 1803 colit,
597 1718 706 1792 altera
723 1719 908 1791 Lemnum.
935 1717 1048 1792 Ceteri
1065 1717 1164 1791 omni
1189 1718 1291 1816 culpa

220 1851 357 1931 carent;
379 1853 609 1941 peccaverunt
626 1843 722 1931 otim,
738 1842 822 1916 dnm
837 1850 920 1916 aetas
932 1851 966 1916 et
985 1841 1109 1916 coleos
1127 1842 1199 1916 rita
1226 1865 1290 1940 pa-

221 1969 417 2064 tiebantur3
435 1977 667 2056 nuncautem,
687 1968 797 2065 utqui
816 1990 853 2043 se
880 1968 1102 2043 matrimonio
1121 1991 1204 2043 rere
1231 1969 1289 2044 on

219 2095 431 2179 strinxerim,
457 2093 628 2168 amatoria
652 2092 807 2167 facinora
822 2101 957 2167 tantum
981 2101 1167 2168 narrantes
1192 2117 1290 2192 repe·

217 2227 309 2310 tunt,
330 2230 366 2295 et
382 2220 439 2294 ubi
458 2220 535 2317 plus
548 2218 652 2316 paulo
670 2217 879 2293 adbiberuut
891 2220 961 2313 (Ι).

269 2346 367 2420 Servi
392 2344 534 2443 quidem
559 2344 670 2418 imnis
704 2343 816 2419 faceta
844 2353 879 2418 et
898 2344 1047 2442 eleganti
1074 2366 1156 2419 suos
1190 2345 1292 2423 heros

219 2467 402 2558 deludunt,
431 2467 575 2556 nodum,
605 2468 694 2541 sicut
726 2467 761 2539 in
789 2468 952 2541 Plautinis
991 2467 1129 2558 fabulis,
1163 2471 1293 2544 salibus

219 2595 350 2668 arnonis
364 2603 399 2669 et
413 2593 615 2690 procacibus
625 2594 849 2678 insectentur,
864 2602 899 2667 et
913 2594 1063 2691 aliquem
1079 2593 1223 2670 modum
1240 2597 1292 2672 vel

217 2719 252 2792 in
278 2718 433 2815 nequitia
451 2726 602 2807 servum,
627 2716 675 2790 ita
698 2724 735 2790 ut
753 2717 846 2813 apurl
871 2718 1034 2792 Plautum
1055 2719 1200 2816 ingenui
1230 2720 1290 2793 viri

218 2843 431 2919 famulorum
460 2866 574 2919 mores
593 2854 628 2919 et
648 2868 844 2920 sermonem
865 2844 1052 2942 saepissime
1079 2844 1213 2920 referre
1244 2846 1293 2917 ri-

219 2970 382 3057 deantur,
412 2969 502 3066 apud
534 2971 734 3045 Terentium
767 2969 886 3044 lemuli
909 2948 1167 3068 ingenuorum.
1192 2971 1288 3044 lllam

221 3096 255 3168 in
273 3095 409 3169 Arndtio
424 3095 587 3170 eximiam
606 3104 642 3170 et
659 3095 760 3171 toties
774 3105 1003 3171 memoratam
1023 3118 1143 3172 uocem
1165 3120 1174 3168 :

710 3343 729 3358 ..
737 3302 822 3358 ‚istaec
835 3300 1056 3359 commemoratio

411 3390 496 3455 Quasi
510 3390 710 3464 exprobratiost
721 3390 865 3448 inmemori
877 3391 1002 3459 benefici,

222 3556 299 3652 quis
311 3555 457 3629 emittit?
477 3578 601 3652 nempe
615 3577 734 3630 servus
748 3578 859 3652 nuper·
877 3579 982 3629 manu
999 3556 1121 3630 missus
1136 3558 1197 3653 (Ι).

273 3677 468 3753 lleretrioes
485 3676 642 3753 similiter
656 3678 733 3752 aliae
750 3678 832 3752 vitia
843 3679 978 3754 minora
992 3678 1193 3767 ostendunt,
1214 3680 1291 3757 aliae

222 3801 328 3877 etiem
341 3826 403 3877 sua
427 3802 508 3876 vitia
522 3812 668 3901 pensent
687 3802 871 3877 uirtutibus
894 3804 1041 3879 eximiis.
1063 3805 1175 3879 Unam
1197 3806 1293 3881 iuve-

223 3926 280 4002 nio
298 3927 333 4000 in
353 3927 488 4014 lurum,
510 3927 543 4000 in
563 3928 694 4025 epulas,
716 3928 750 4001 in
775 3928 895 4003 vitium
919 3930 1130 4026 proniorem,
1162 3930 1225 4006 sed
1250 3955 1291 4007 ea

266 4146 276 4194 Ι
306 4147 406 4207 Hectit,
423 4149 452 4208 ΙΙ,
472 4147 490 4195 Ι.

255 4147 289 4292 i²i
305 4227 395 4289 Andr„
412 4230 431 4287 Ι,
447 4228 468 4278 Ι.
485 4230 545 4279 Fere
559 4230 647 4279 eadem
657 4231 782 4279 sententia
794 4230 859 4294 apud
874 4231 1016 4282 Ciceronem
1030 4233 1163 4295 invenitur,
1176 4247 1228 4284 non
1241 4239 1291 4284 tam

223 4309 329 4373 egregiis
341 4309 423 4359 verbis
436 4322 568 4373 expressa:
583 4327 594 4356 s
670 4316 797 4374 perspecta
811 4311 868 4370 fide,
885 4315 1082 4364 commemoratio
1096 4314 1237 4366 officiorum
1249 4331 1293 4367 su-

222 4401 371 4451 pervacanea
384 4394 429 4439 est.
446 4408 457 4435 r
471 4388 520 4454 (Aa
531 4389 648 4450 diuersos,
662 4391 704 4450 ΙΙΙ,
720 4390 754 4453 5.)
