3030 5266
672 571 831 632 ,ῖς-

221 706 337 781 ducis?
353 737 369 776 »
389 706 602 803 Pamphilus
620 707 664 779 ab
681 708 801 781 uxoria
814 729 851 780 re
870 706 1072 791 abhorrens
1093 705 1160 781 boc
1173 729 1286 780 unum

220 831 387 905 verbnm:
417 859 433 898 «
451 832 557 905 Aiunt
572 830 634 929 (l).
653 860 670 899 »

269 959 339 1032 Nec
355 958 468 1030 minus
483 957 631 1031 breviter
644 965 678 1031 et
690 957 859 1032 concinne
879 957 1045 1053 Clitipho,
1063 958 1197 1055 longius
1216 958 1287 1053 pri-

220 1104 319 1154 mum
351 1105 562 1181 progressus,
589 1106 624 1156 sc
651 1081 763 1156 subito
800 1081 923 1177 recipit
954 1089 989 1156 et
1025 1082 1286 1155 matrimonium

221 1207 406 1282 imminens
425 1208 557 1305 repellit
579 1236 587 1277 :

749 1413 838 1484 Pater,
853 1413 942 1470 omnia
957 1413 1072 1469 faciam:
1090 1413 1195 1486 inpera.

257 1503 400 1559 crannus.
416 1486 451 1544 ἶ-
465 1501 582 1558 Uxorem
596 1509 626 1557 ut
641 1502 733 1558 ducas.

633 1627 677 1683 Cn.
693 1660 729 1667 -
743 1626 823 1684 Pater
838 1627 894 1699 (lli

272 1853 545 1951 lntempestivins
558 1861 592 1927 et
610 1852 780 1949 copiosius
803 1851 899 1926 etad
919 1875 1020 1927 aures
1048 1852 1286 1949 imperitorum

222 1980 335 2078 aptius
347 1980 491 2052 Plautus
505 1979 542 2051 in
558 1980 758 2053 Trinummo
768 1976 810 2052 de
823 2000 861 2051 re
880 1977 980 2050 simili
996 1977 1083 2051 ludit
1104 2003 1112 2050 :

401 2212 569 2268 Gnnnnrnns
586 2211 662 2267 —Si
678 2218 708 2267 tn
724 2212 804 2267 modo
818 2211 892 2284 frugi
908 2228 969 2267 esse
985 2211 1035 2278 vis,

257 2302 321 2360 Haec
334 2301 385 2358 tibi
401 2310 505 2374 pactast
519 2300 621 2358 Callicli
636 2301 701 2356 filia.

508 2427 625 2483 Lesbon.
645 2457 676 2469 -
693 2425 750 2498 Ego
766 2426 875 2494 ducam,
891 2432 979 2500 pater,

256 2517 347 2574 Etiam
362 2516 426 2573 etsi
439 2533 521 2590 quam
536 2517 617 2572 aliam
629 2516 750 2589 jubebis.

591 2643 699 2699 Cannu.
716 2673 752 2682 -
767 2641 938 2716 Quamquam
953 2641 1003 2698 tibi
1019 2641 1172 2710 suscensui,

257 2732 367 2789 lliscria
379 2748 435 2787 una
448 2731 497 2788 uni
511 2730 622 2804 quidem
636 2731 766 2787 hominist
782 2731 903 2788 adfatim.

769 2855 834 2911 Can.
851 2887 886 2896 -
901 2857 987 2912 lmmc
1002 2855 1067 2911 hnic
1081 2863 1202 2929 parnmst
1218 2874 1224 2911 :

259 2948 325 3004 Nam
337 2947 361 3003 si
375 2964 425 3020 pro
440 2946 559 3020 peccatis
573 2952 680 3001 centum
696 2945 775 3001 ducat
787 2945 890 3014 uxoris,
904 2953 1029 3018 parnmst
1042 2945 1092 3017 (3).

271 3147 315 3219 Ut
326 3146 413 3243 jocis
432 3144 658 3230 uberioribus,
671 3145 719 3216 ita
742 3143 960 3218 liberioribus
979 3143 1158 3217 Terentius
1182 3144 1286 3218 obstin

223 3279 293 3358 net,
310 3271 407 3369 cujus
436 3271 468 3343 in
493 3270 616 3344 fabulis
644 3271 773 3345 eminet
792 3268 934 3365 quidam
956 3269 1091 3342 nativus
1121 3269 1288 3342 sermonis

221 3395 346 3491 pudor⁷
365 3420 428 3471 nec
447 3397 656 3472 incultorum
673 3403 707 3471 et
729 3394 967 3491 improborum
989 3394 1172 3467 hominum
1199 3418 1290 3468 con-

224 3521 406 3595 suetudine
422 3545 573 3618 unquam
588 3530 784 3618 corruptus,
801 3542 864 3594 nec
875 3519 990 3593 adbuc
1002 3520 1102 3593 annis
1120 3520 1286 3594 acceden-

224 3646 316 3720 tibus
342 3654 377 3720 et
404 3646 484 3732 vita,
512 3654 549 3718 ut
585 3668 675 3743 sape
708 3644 761 3734 fit,
792 3643 1081 3740 imminutus(l1).
1116 3647 1210 3734 Quas
1234 3669 1289 3720 res

255 3878 291 3944 (l)
307 3878 397 3937 Andr„
411 3879 441 3936 ll,
454 3875 477 3926 l.

254 3960 288 4023 (Ξ)
305 3960 404 4018 Heaut„
420 3961 446 4017 v,
462 3958 484 4006 5.

255 4042 288 4106 (3)
310 4042 387 4100 Trita,
406 4044 432 4098 V,
450 4040 473 4086 Ξ).

256 4123 290 4188 (l)
308 4125 358 4170 lloc
372 4122 463 4170 rectius
479 4122 509 4168 de
523 4119 634 4168 Terentio
653 4118 702 4167 dici
721 4121 809 4181 potest,
825 4120 924 4179 recepta
950 4119 996 4166 hac
1015 4118 1120 4167 lectione
1135 4119 1161 4168 in
1176 4120 1287 4169 Suetonii

223 4204 364 4253 vitalem:
385 4205 464 4251 «Post
478 4201 556 4249 editas
577 4200 709 4248 comoedias
730 4201 837 4247 nondum
858 4199 969 4258 quintum
990 4203 1015 4247 et
1033 4199 1176 4248 tricesimum
1196 4213 1286 4247 annum

224 4299 335 4349 egressus
363 4298 407 4346 pro
429 4281 586 4332 tricesimum.
615 4280 685 4344 (Vide
707 4280 811 4339 Teuffel,
833 4279 973 4332 Gccclu'cbtc
993 4279 1038 4329 der
1058 4281 1136 4332 lloern.
1152 4280 1288 4338 Lt'tcrutur,

225 4364 295 4426 1875,
309 4380 332 4428 p.
348 4363 413 4420 tn.»
