3030 5266
549 584 708 647 -Π-

98 722 190 818 qnod
203 721 289 796 desit
304 743 408 818 quam
425 719 517 817 quod
538 720 707 794 redundet
739 720 905 793 invenias.
934 723 1044 793 Tanta
1069 721 1163 795 enim

99 847 225 946 ingenii
241 846 469 944 temperantia
492 854 527 919 et
554 846 651 942 quasi
668 844 863 942 frugalitate
881 845 1024 935 eminet,
1038 853 1074 918 nt
1087 848 1165 920 Me-

100 972 274 1045 nandrum
301 978 487 1045 extenuare
510 971 608 1044 malit
638 993 743 1066 quam
767 973 932 1065 majorem
960 971 994 1043 in
1022 972 1164 1044 modum

99 1096 326 1194 amplificare,
357 1104 461 1193 atque
489 1097 592 1170 etiam
628 1095 661 1168 in
698 1095 935 1191 desperatione
968 1105 1165 1170 amatorum

99 1221 324 1296 describenda
359 1220 592 1295 «dimidiatus
630 1220 857 1294 Menander»
893 1243 965 1294 esse
994 1220 1162 1295 videatur.

99 1348 212 1435 Quem
232 1347 323 1422 euim
339 1346 590 1422 adolescentem
607 1344 797 1419 Menander
812 1345 846 1418 in
868 1346 1033 1442 Adelphis
1047 1356 1166 1421 osteu-

99 1472 163 1563 dit,
191 1480 316 1571 negata
348 1495 369 1546 a
396 1473 519 1545 lenone
544 1470 670 1561 amica,
699 1471 786 1544 mori
812 1471 997 1560 uolentem,
1032 1482 1166 1545 tantum

101 1597 221 1696 lugere
237 1606 396 1694 paratum
416 1596 548 1671 inducit
565 1595 757 1683 Terentius,
784 1605 951 1693 tanquam
979 1606 1099 1670 caveat
1124 1621 1167 1672 ne

101 1722 184 1820 quid
205 1721 306 1795 nimis
319 1728 399 1819 agat
417 1722 468 1794 vel
488 1720 531 1792 ab
550 1720 646 1795 omni
669 1743 727 1816 spe
749 1719 930 1794 derelictus
951 1728 1085 1794 amator
1100 1721 1163 1818 (l).

102 1846 192 1935 Quid
215 1848 300 1920 ratio
326 1846 489 1942 temporis
508 1847 668 1942 postulet,
683 1845 763 1941 quid
787 1846 875 1920 ferat
896 1845 1167 1920 adolescentium

102 1977 183 2045 'cum
197 1972 300 2046 servis
311 1971 578 2068 colloquentium
593 1968 751 2065 dignitas,
769 1993 943 2067 nunquam
959 1970 1167 2045 obliviscen-

101 2105 172 2171 tem
193 2095 487 2195 deprehenderis:
512 2095 787 2191 intempestivam
808 2096 843 2166 in
867 2096 1169 2168 Heautontimoru-

102 2246 200 2294 meno
215 2221 292 2320 Syri
307 2220 515 2294 hilaritatem
534 2219 631 2293 dolor
646 2219 862 2316 Ctesiphonis
875 2243 896 2294 a
913 2229 1010 2317 patre
1027 2221 1168 2295 exhere-

103 2344 172 2420 dati
198 2355 232 2420 et
250 2346 378 2442 expulsi
399 2368 468 2418 non
489 2345 579 2417 ultra
594 2343 739 2419 verbum
757 2368 864 2418 unum
887 2345 1041 2419 lascivire
1058 2345 1164 2419 sinit:

104 2616 175 2672 Cum.
193 2643 233 2655 -,
240 2614 333 2669 Adeon
345 2631 403 2669 rem
416 2613 542 2683 rediisse,
556 2621 587 2669 ut
598 2613 731 2687 periclum
745 2615 829 2672 etiam
842 2615 936 2671 alame
946 2614 1012 2671 mihi
1025 2615 1070 2684 sit,
1085 2616 1166 2690 Syre!

106 2768 168 2824 Sua.
185 2800 219 2808 -
235 2767 313 2824 Modo
329 2766 410 2823 liceat
424 2765 526 2833 vivere,
543 2773 585 2821 est
599 2784 671 2839 spes.

532 2917 601 2972 Cur.
618 2948 654 2958 -
669 2918 756 2980 llum?

618 3060 682 3115 Sua.
699 3092 734 3100 -
749 3060 801 3116 Nos
816 3062 968 3117 esurituros
984 3063 1060 3119 satis.

106 3153 178 3210 Cum.
193 3183 229 3230 ε-
244 3151 345 3208 lrrides
360 3150 388 3205 iu
403 3166 433 3206 re
447 3156 522 3206 tanta
537 3149 611 3221 (⁹2)...

156 3416 251 3490 Licet
279 3413 456 3511 plebecula
478 3413 520 3488 ad
540 3436 582 3488 oa
603 3411 739 3511 frigeat,
761 3422 796 3487 et
826 3414 892 3487 alia
922 3437 1031 3510 quum
1063 3416 1174 3513 magis

31 3605 37 3616 .
109 3541 324 3634 inrotatum
349 3539 464 3610 miuus
482 3538 608 3613 decora
628 3537 810 3628 desideret,
834 3560 900 3612 non
919 3538 946 3611 is
962 3548 1014 3613 est
1036 3541 1173 3623 Teren-

108 3667 175 3740 tius
192 3666 251 3762 qui
269 3664 386 3762 peritis
400 3663 502 3735 simul
518 3670 553 3736 et
574 3663 741 3758 imperitis
760 3664 895 3760 placere
910 3664 1060 3754 studeat;
1088 3687 1173 3738 oon-

109 3800 279 3888 temptum
293 3788 385 3887 vulgi
402 3788 445 3862 ad
465 3788 596 3886 pugiles
615 3796 650 3861 et
669 3786 892 3876 funambulos
914 3790 1092 3888 migrantis
1110 3790 1173 3863 sihi

109 3916 312 3991 adeundum
327 3913 560 4012 potiusquam
578 3936 600 3987 a
615 3921 709 3988 recta
726 3914 781 3987 via
793 3914 1039 3990 discedendum
1058 3923 1169 4012 putat,

142 4211 176 4277 (1)
192 4209 243 4261 Ad.
262 4210 292 4270 11,
308 4207 332 4258 l.
351 4226 361 4254 u
378 4208 510 4257 Menander
525 4206 587 4257 mori
608 4205 678 4256 illum
691 4205 796 4257 voluisse
810 4207 892 4272 fingit,
907 4209 1033 4259 Terentius
1053 4212 1146 4274 lugere.
1160 4229 1171 4253 o

114 4291 253 4356 (Donatus.)

142 4371 176 4437 (l)
191 4371 292 4431 deaut,
307 4371 334 4431 v,
349 4369 372 4418 2.
