3030 5266
676 602 834 664 ...75-

180 803 186 817 .
221 739 309 813 tium
338 737 524 813 immodica
555 737 716 834 cupidine
742 757 916 824 accensos,
940 745 974 809 et
1006 736 1078 833 ipso
1110 736 1289 836 flagrantis

223 866 331 937 aetatis
351 864 557 960 incultaeque
576 872 711 936 natura
736 862 867 958 impetu
895 863 930 933 in
950 884 1089 936 omnem
1107 862 1286 937 libidinem

221 1012 258 1062 se
284 989 514 1086 projicientes.
537 988 637 1076 Quod
660 987 743 1061 dioit
767 986 810 1061 de
839 986 994 1085 patribus
1027 985 1177 1061 filiorum
1204 988 1288 1061 vitia

222 1113 478 1198 aemulantibus,
490 1113 605 1188 dioere
614 1113 779 1209 potuisset
794 1111 900 1187 etiam
914 1111 956 1186 de
966 1110 1043 1185 filiis
1055 1111 1097 1215 ad
1113 1112 1286 1186 luxuriam

182 1251 186 1257 ”
222 1239 428 1313 ruentibus:

296 1477 328 1532 lli
344 1494 435 1545 senes,
451 1476 505 1532 nisi
520 1476 634 1532 fuissent
647 1475 725 1531 nihili
735 1477 791 1549 jam
806 1475 869 1532 inde
885 1477 919 1532 ab
935 1477 1130 1546 adulescentia,

296 1567 354 1622 Non
368 1565 449 1623 hodie
463 1567 515 1620 hoo
529 1572 634 1621 tanturn
649 1564 781 1636 flagitium
797 1564 870 1620 oanis
885 1566 1037 1638 capitibus:

296 1656 387 1728 Neque
401 1657 469 1711 adeo
482 1655 541 1710 haeo
555 1654 719 1722 faceremus,
735 1655 763 1708 ni
778 1655 893 1710 antehae
907 1655 1070 1712 vidissemus
1083 1655 1153 1724 fieri,

296 1744 329 1802 Ut
343 1746 414 1820 apud
429 1744 541 1801 lenones
556 1743 658 1798 rivales
673 1743 736 1798 filiis
752 1744 851 1800 fierent
864 1753 957 1817 patres
972 1746 1019 1817 (1).

273 1954 367 2041 Quos
381 1974 478 2027 senes
492 1950 600 2026 laotos
618 1959 652 2025 et
670 1951 916 2048 intempestivis
942 1952 1142 2027 libidinibus
1171 1954 1290 2028 indul-

225 2086 345 2178 gentes
371 2077 494 2175 oarpit,
526 2076 665 2152 eosdem
697 2076 732 2149 in
770 2077 882 2173 prima
911 2077 1055 2175 juventa
1083 2078 1214 2152 deliciis
1244 2080 1292 2154 ita

224 2204 362 2278 allectos
372 2211 406 2277 et
422 2201 601 2276 dissolutos
610 2209 649 2274 ut
658 2201 771 2274 virum
783 2212 817 2275 et
829 2201 940 2275 civem
951 2200 1178 2276 dedidicerint
1189 2214 1293 2300 atque

222 2330 297 2428 jam
329 2328 426 2402 nihili
453 2328 533 2417 sint,
572 2327 695 2400 salibus
721 2327 830 2424 magis
862 2327 1015 2401 romanis
1047 2351 1152 2425 quam
1181 2329 1292 2402 attiois

225 2455 355 2541 illudit,
386 2455 553 2528 haetenus
573 2476 712 2528 morum
739 2463 912 2528 corrector
937 2455 989 2528 vel
1015 2455 1125 2550 potius
1143 2455 1291 2550 castiga-

227 2591 293 2670 tor,
314 2603 378 2655 neo
410 2580 552 2655 omnino
580 2579 744 2678 indiguus
769 2580 829 2677 qui
866 2580 989 2655 eadem
1018 2588 1120 2656 aetate
1136 2603 1183 2655 ao
1203 2581 1289 2654 Cato

225 2707 358 2781 vixerit.

275 2835 390 2922 Quum
418 2832 563 2905 Plautus
591 2831 730 2929 ingenio
761 2832 929 2928 petulanti
956 2832 1137 2905 instinctus
1169 2833 1293 2929 saepius

226 2966 323 3031 extra
341 2959 453 3054 legem
474 2965 509 3031 et
523 2964 683 3030 naturam
709 2956 891 3031 scribendo
910 2957 1134 3052 exspatiatur,
1165 2959 1294 3033 Teren·
1348 2973 1349 2976 ’

227 3084 295 3157 lius
321 3091 443 3157 eontra
467 3105 604 3179 semper
639 3081 847 3173 moderatus,
883 3082 935 3155 sui
961 3104 1114 3178 compos,
1142 3091 1177 3157 et
1206 3105 1294 3179 opus

228 3209 399 3284 eomioum
420 3232 538 3306 agens,
563 3208 646 3306 quid
668 3208 747 3283 velit
763 3231 921 3306 persona,
938 3207 1020 3306 quid
1037 3218 1185 3306 tempuS,
1211 3209 1294 3307 quid

227 3336 336 3425 loouS,
367 3358 503 3408 summo
533 3333 645 3409 studio
674 3335 830 3408 observat
855 3333 922 3433 (T).
945 3337 1073 3430 Omnes
1098 3334 1191 3432 apud
1211 3357 1293 3408 eum

226 3483 383 3558 personae
409 3483 546 3557 semper
568 3469 602 3535 et
627 3460 756 3556 ubique
779 3459 1024 3534 convenienter
1038 3459 1099 3532 sibi
1121 3468 1230 3559 agunt
1252 3483 1293 3535 ae

261 3739 295 3804 (l)
312 3737 454 3798 Bacchides,
470 3739 498 3798 V,
513 3738 536 3786 ἓ.

261 3820 295 3886 (⁰2)
314 3823 391 3879 Quum
403 3825 496 3869 veteres
510 3819 629 3869 definiunt
641 3822 700 3882 quid
713 3821 801 3881 cuique
812 3821 906 3869 comico
915 3825 994 3882 poetae
1004 3821 1121 3870 eximium
1132 3821 1199 3881 insit,
1211 3837 1296 3870 omnes

229 3904 255 3951 in
269 3905 315 3950 hae
331 3904 419 3949 virtuto
435 3902 499 3962 apud
517 3901 656 3948 Terentium
675 3903 797 3949 laudanda
818 3903 995 3949 consentiunt:
1014 3920 1024 3947 u
1040 3903 1113 3963 Ἠθη,
1128 3906 1156 3950 ut
1171 3903 1206 3949 ait
1219 3904 1294 3953 Varro

230 3985 275 4048 (De
287 3983 364 4048 latino
377 3997 498 4041 sermone,
510 3984 553 4030 lib.
566 3982 603 4045 V),
611 3984 685 4032 nullis
696 3983 751 4032 aliis
763 3970 989 4032 servare'eonvenit
1002 4000 1075 4046 quam
1088 3985 1187 4044 Titinio,
1203 3986 1295 4033 Teren-

230 4068 272 4125 tio,
283 4068 361 4124 nttae;
375 4065 440 4125 πάθη
452 4077 509 4112 vero
523 4065 623 4122 Trabea,
642 4064 731 4124 iuquit,
745 4068 770 4112 et
781 4064 878 4122 Atilius,
888 4069 913 4112 et
927 4065 1038 4113 Caecilius
1050 4064 1121 4112 laeile
1129 4068 1265 4112 moverunt.
1282 4082 1292 4109 r

229 4148 322 4212 (Char,
341 4146 402 4195 lost.
416 4159 507 4208 prom,
520 4145 552 4203 ll,
566 4147 722 4208 extrem.).—
735 4162 745 4190 u
762 4145 789 4192 ln
804 4145 955 4208 argumentis
969 4144 1080 4194 Caecilius
1091 4146 1169 4207 poscit
1178 4147 1294 4207 palmam,

230 4228 256 4275 in
271 4223 339 4289 ἤθεσι
357 4227 496 4285 Terentius,
512 4224 538 4272 in
552 4224 707 4273 sermonibus
721 4225 829 4274 Plautus.
847 4242 857 4270 r
882 4224 966 4288 (Varro
988 4227 1052 4287 apud
1066 4225 1181 4284 Nonium,
1195 4239 1218 4273 v.
1233 4225 1295 4274 Pos-

230 4306 304 4370 cere.)
320 4334 351 4342 -
366 4325 376 4352 a
393 4306 494 4354 Vincere
510 4304 624 4355 Caecilius
638 4305 767 4369 gravitate,
790 4305 916 4355 Terentius
930 4309 990 4355 arte.
1007 4323 1017 4351 i
1040 4305 1125 4369 (llor,
1144 4304 1234 4368 Epist,
1259 4305 1294 4363 ll,

230 4387 251 4447 l,
263 4386 313 4451 59.)
