3030 5266
672 592 833 656 -ll—

219 730 277 805 sed
294 740 418 804 natura
436 730 668 805 verecundum
682 738 716 804 et
734 730 914 828 disciplina
927 730 1097 826 asperiore
1117 728 1294 805 informa-

218 857 540 931 tu111.Chmreain
574 857 753 943 Eunucho,
787 857 900 952 primo
930 879 1048 931 amore
1073 866 1288 948 commotus,

220 981 306 1054 nihil
336 1005 403 1056 non
437 983 556 1069 audet;
591 981 766 1079 Ctesipho,
803 982 885 1056 item
911 981 1076 1072 affectus,
1100 982 1185 1055 nihil
1215 1006 1291 1058 non

220 1106 396 1203 desperat3
426 1107 529 1182 ambo
557 1115 731 1196 staturam,
762 1108 824 1182 etsi
854 1107 1023 1182 diversam
1055 1109 1088 1180 in
1120 1116 1289 1207 utroque,

220 1241 425 1328 sequuntur.
443 1233 610 1307 Pudicam
621 1234 775 1306 animum
786 1233 839 1308 vel
851 1233 975 1307 invitus
985 1234 1146 1329 Ctesipho
1156 1245 1288 1325 servat,

222 1379 285 1431 uec
303 1382 425 1455 parum
445 1367 543 1456 grata
557 1358 655 1433 nobis
680 1359 828 1432 occurrit
847 1359 922 1456 ejus
943 1359 1120 1455 inexperta
1136 1361 1293 1456 pravitas

219 1505 254 1555 se
269 1481 373 1558 lratre
387 1483 540 1580 pejorem
555 1483 780 1557 existimantis
795 1483 888 1579 qnod
911 1483 944 1555 in
967 1483 1056 1556 mala
1076 1485 1130 1556 via
1149 1484 1291 1557 medius

219 1606 357 1682 haereat.
380 1608 472 1682 Utin
490 1608 547 1682 illo
566 1608 708 1682 virtutes
722 1608 878 1698 eximias,
905 1608 1029 1704 quibus
1048 1607 1180 1706 indiget
1195 1609 1286 1704 ipsc,

220 1735 384 1808 miratur!
405 1735 450 1808 Ut
461 1735 557 1807 illum
570 1734 763 1829 primarum
780 1734 907 1807 artium
925 1734 1119 1830 prinoipem
1135 1735 1286 1808 salutat!

219 1858 345 1956 quippe
360 1859 419 1956 qui
442 1859 527 1932 sciat
542 1881 602 1931 suo
621 1857 718 1931 lratri
736 1859 966 1955 opitulaturns
990 1859 1024 1930 in
1045 1858 1134 1932 aedes
1153 1858 1290 1932 alienas

219 1983 363 2072 irruere,
385 1984 551 2080 virginem
572 2006 708 2081 rapere,
724 1983 886 2057 lenonem
904 1983 1014 2080 plagis
1035 1981 1218 2058 conficere.
1241 1987 1290 2059 Ut

218 2130 299 2181 vero
311 2131 346 2182 se
357 2109 559 2198 oorrtemnit,
568 2107 627 2205 qui
638 2107 774 2182 sibimet
786 2107 846 2205 ipsi
860 2131 1061 2183 succurrere
1072 2131 1140 2181 non
1154 2109 1285 2182 valeat!

218 2234 355 2306 Etenim
373 2234 432 2330 ubi
457 2234 609 2330 primum
635 2243 767 2331 patrem
792 2235 976 2308 adventare
995 2234 1106 2323 discit,
1129 2235 1291 2331 pericula

218 2381 367 2455 quaque
380 2358 598 2434 imminentia
611 2359 699 2434 bene
713 2359 892 2457 praevidet,
914 2360 1062 2434 rationes
1076 2368 1194 2433 aulem
1211 2383 1291 2435 sese

218 2482 421 2578 expediendi
439 2484 528 2558 male
550 2484 699 2581 dispicit,
728 2496 831 2582 atque
857 2484 942 2558 nihil
970 2485 1112 2559 omnino
1130 2484 1214 2574 doli,
1232 2487 1292 2560 vel

218 2610 304 2703 Syro
326 2608 522 2683 stimulante
537 2617 572 2682 et
594 2610 692 2707 quasi
714 2611 805 2685 viam
834 2620 1058 2702 monstrante,
1087 2611 1292 2708 excogitare

218 2741 342 2830 potest.

220 2972 363 3036 (Ismario.
381 3006 416 3014 -
431 2973 507 3030 Nunc
516 2973 564 3030 ubi
575 2992 618 3030 me
628 2974 685 3031 illic
695 2993 750 3033 non
758 2976 874 3046 videbit,
883 2977 939 3049 jam
950 2977 1004 3032 huc
1013 2984 1148 3043 recurret,
1159 2984 1202 3033 sat
1212 2977 1272 3034 scio

289 3062 430 3133 Rogitabit
442 3080 495 3135 me,
511 3064 559 3120 ubi
571 3064 687 3121 luerim:
703 3084 716 3120 c
731 3065 788 3138 Ego
804 3065 855 3122 hoc
869 3073 896 3122 te
912 3075 967 3122 toto
982 3083 1035 3122 non
1052 3066 1105 3122 vidi
1120 3065 1201 3120 die.»

290 3151 359 3215 Quid
372 3152 480 3207 dicam?

325 3275 423 3332 Sinos
432 3308 468 3316 -
480 3276 557 3334 Nilne
571 3279 599 3334 in
614 3280 782 3336 mentemst?

669 3405 714 3462 Cr.
730 3438 764 3449 -
780 3405 932 3479 Numquam
940 3407 1094 3480 quicquam.

952 3531 995 3586 Su.
1009 3563 1045 3571 -
1057 3531 1144 3585 Tanto
1154 3529 1289 3600 nequior.

291 3635 392 3703 cliens,
409 3636 523 3706 amicus,
539 3637 639 3713 hospes
653 3647 760 3695 nemost
775 3638 872 3696 vohis?

769 3761 814 3818 Gr.
828 3793 864 3802 -
876 3762 960 3818 Sunt:
978 3760 1043 3835 quid
1057 3759 1174 3834 postea‘l

219 3862 360 3919 Sunus-
369 3863 448 3921 Hisce
461 3881 546 3939 opera
558 3874 589 3923 ut
601 3865 664 3922 data
677 3865 722 3922 sit.

611 3990 656 4047 Gr.
670 4021 705 4034 -
717 3991 782 4056 Quae
797 4009 851 4050 non
864 3993 928 4050 data
941 3993 999 4050 sit?
1010 4010 1065 4050 non
1077 3998 1166 4066 potest
1177 3991 1248 4048 lieri.

1053 4115 1116 4173 Sta.
1129 4146 1165 4156 —
1177 4115 1288 4175 Potest.

223 4236 267 4294 Cr.
281 4267 317 4279 -
329 4237 471 4294 Interdiu:
488 4242 537 4297 sed
552 4241 575 4297 si
588 4241 632 4297 hio
645 4249 787 4316 pernocta,
803 4259 891 4300 causae
906 4242 971 4316 quid
986 4242 1084 4311 dicam,
1101 4241 1193 4315 Syre‘l

222 4362 286 4420 Sta.
298 4395 332 4405 -
343 4363 399 4420 Vah
410 4365 416 4419 !
428 4382 509 4438 quam
518 4366 616 4423 vellem
627 4368 708 4426 etiam
722 4375 803 4426 noctu
817 4368 911 4424 amicis
925 4385 1037 4442 operam
1049 4385 1110 4434 mos
1123 4374 1198 4431 esset
1209 4366 1288 4429 dari.
