<?xml version="1.0" encoding="UTF-8"?>
<!DOCTYPE html PUBLIC "-//W3C//DTD XHTML 1.0 Transitional//EN"
    "http://www.w3.org/TR/xhtml1/DTD/xhtml1-transitional.dtd">
<html xmlns="http://www.w3.org/1999/xhtml" xml:lang="en" lang="en">
 <head>
  <title>
</title>
<meta http-equiv="Content-Type" content="text/html;charset=utf-8" />
  <meta name='ocr-system' content='tesseract 3.04.00' />
  <meta name='ocr-capabilities' content='ocr_page ocr_carea ocr_par ocr_line ocrx_word'/>
</head>
<body>
  <div class='ocr_page' id='page_1' title='image "./deplautinisette00bertgoog_0025.png"; bbox 0 0 3030 5266; ppageno 0'>
   <div class='ocr_carea' id='block_1_1' title="bbox 780 533 938 593">
    <p class='ocr_par' dir='ltr' id='par_1_1' title="bbox 780 533 938 593">
     <span class='ocr_line' id='line_1_1' title="bbox 780 533 938 593; baseline 0.006 -16"><span class='ocrx_word' id='word_1_1' title='bbox 780 533 938 593; x_wconf 67' lang='lat'>..14-</span> 
     </span>
    </p>
   </div>
   <div class='ocr_carea' id='block_1_2' title="bbox 328 667 1405 870">
    <p class='ocr_par' dir='ltr' id='par_1_2' title="bbox 328 667 1405 870">
     <span class='ocr_line' id='line_1_2' title="bbox 328 667 1405 764; baseline 0.002 -23"><span class='ocrx_word' id='word_1_2' title='bbox 328 669 635 764; x_wconf 84' lang='lat' dir='ltr'>complectentem,</span> <span class='ocrx_word' id='word_1_3' title='bbox 690 688 807 742; x_wconf 90' lang='lat' dir='ltr'>nonne</span> <span class='ocrx_word' id='word_1_4' title='bbox 856 690 949 741; x_wconf 91' lang='lat' dir='ltr'>nunc</span> <span class='ocrx_word' id='word_1_5' title='bbox 999 667 1127 742; x_wconf 90' lang='lat' dir='ltr'>rectius</span> <span class='ocrx_word' id='word_1_6' title='bbox 1178 668 1222 742; x_wconf 89' lang='lat' dir='ltr'>de</span> <span class='ocrx_word' id='word_1_7' title='bbox 1270 667 1405 743; x_wconf 90' lang='lat' dir='ltr'>eodem</span> 
     </span>
     <span class='ocr_line' id='line_1_3' title="bbox 328 793 531 870; baseline -0.015 -2"><span class='ocrx_word' id='word_1_8' title='bbox 328 793 531 870; x_wconf 71' lang='lat' dir='ltr'>diceretur?</span> 
     </span>
    </p>
   </div>
   <div class='ocr_carea' id='block_1_3' title="bbox 470 979 1132 1053">
    <p class='ocr_par' dir='ltr' id='par_1_3' title="bbox 470 979 1132 1053">
     <span class='ocr_line' id='line_1_4' title="bbox 470 979 1132 1053; baseline -0.002 -17"><span class='ocrx_word' id='word_1_9' title='bbox 470 979 491 1036; x_wconf 90' lang='grc' dir='ltr'>Ο</span> <span class='ocrx_word' id='word_1_10' title='bbox 507 980 619 1051; x_wconf 88' lang='lat' dir='ltr'>Libane,</span> <span class='ocrx_word' id='word_1_11' title='bbox 635 990 665 1038; x_wconf 92' lang='lat' dir='ltr'>ut</span> <span class='ocrx_word' id='word_1_12' title='bbox 679 981 764 1036; x_wconf 90' lang='lat' dir='ltr'>miser</span> <span class='ocrx_word' id='word_1_13' title='bbox 778 988 819 1038; x_wconf 92' lang='lat' dir='ltr'>est</span> <span class='ocrx_word' id='word_1_14' title='bbox 834 981 915 1037; x_wconf 90' lang='lat' dir='ltr'>homo</span> <span class='ocrx_word' id='word_1_15' title='bbox 931 981 977 1053; x_wconf 89' lang='lat' dir='ltr'>qui</span> <span class='ocrx_word' id='word_1_16' title='bbox 993 989 1067 1036; x_wconf 88' lang='lat' dir='ltr'>amat</span> <span class='ocrx_word' id='word_1_17' title='bbox 1079 981 1132 1051; x_wconf 81' lang='lat' dir='ltr'>(l)!</span> 
     </span>
    </p>
   </div>
   <div class='ocr_carea' id='block_1_4' title="bbox 261 1174 1458 3533">
    <p class='ocr_par' dir='ltr' id='par_1_4' title="bbox 324 1174 1404 2404">
     <span class='ocr_line' id='line_1_5' title="bbox 376 1174 1404 1266; baseline 0.006 -19"><span class='ocrx_word' id='word_1_18' title='bbox 376 1174 464 1264; x_wconf 80' lang='lat' dir='ltr'>Quid</span> <span class='ocrx_word' id='word_1_19' title='bbox 483 1199 564 1250; x_wconf 87' lang='lat' dir='ltr'>vero</span> <span class='ocrx_word' id='word_1_20' title='bbox 591 1176 813 1252; x_wconf 81' lang='lat' dir='ltr'>Phileninm?</span> <span class='ocrx_word' id='word_1_21' title='bbox 836 1179 930 1263; x_wconf 80' lang='lat' dir='ltr'>Hac,</span> <span class='ocrx_word' id='word_1_22' title='bbox 958 1177 992 1249; x_wconf 95' lang='lat' dir='ltr'>in</span> <span class='ocrx_word' id='word_1_23' title='bbox 1020 1177 1136 1251; x_wconf 91' lang='lat' dir='ltr'>media</span> <span class='ocrx_word' id='word_1_24' title='bbox 1159 1199 1273 1266; x_wconf 73' lang='lat' dir='ltr'>crena,</span> <span class='ocrx_word' id='word_1_25' title='bbox 1304 1178 1404 1253; x_wconf 88' lang='lat' dir='ltr'>inter</span> 
     </span>
     <span class='ocr_line' id='line_1_6' title="bbox 327 1302 1402 1401; baseline 0.005 -27"><span class='ocrx_word' id='word_1_26' title='bbox 327 1311 459 1399; x_wconf 90' lang='lat' dir='ltr'>patrem</span> <span class='ocrx_word' id='word_1_27' title='bbox 468 1310 502 1376; x_wconf 92' lang='lat' dir='ltr'>et</span> <span class='ocrx_word' id='word_1_28' title='bbox 515 1302 625 1376; x_wconf 88' lang='lat' dir='ltr'>lilium</span> <span class='ocrx_word' id='word_1_29' title='bbox 641 1312 758 1389; x_wconf 89' lang='lat' dir='ltr'>strata,</span> <span class='ocrx_word' id='word_1_30' title='bbox 772 1303 855 1376; x_wconf 92' lang='lat' dir='ltr'>dum</span> <span class='ocrx_word' id='word_1_31' title='bbox 870 1303 1054 1401; x_wconf 79' lang='lat' dir='ltr'>Argyrippi</span> <span class='ocrx_word' id='word_1_32' title='bbox 1068 1303 1230 1393; x_wconf 83' lang='lat' dir='ltr'>frontem,</span> <span class='ocrx_word' id='word_1_33' title='bbox 1241 1305 1267 1377; x_wconf 95' lang='lat' dir='ltr'>si</span> <span class='ocrx_word' id='word_1_34' title='bbox 1278 1305 1402 1379; x_wconf 91' lang='lat' dir='ltr'>minus</span> 
     </span>
     <span class='ocr_line' id='line_1_7' title="bbox 327 1427 1401 1525; baseline 0.002 -23"><span class='ocrx_word' id='word_1_35' title='bbox 327 1427 451 1525; x_wconf 79' lang='lat' dir='ltr'>pudor,</span> <span class='ocrx_word' id='word_1_36' title='bbox 469 1427 606 1501; x_wconf 75' lang='lat' dir='ltr'>tristitia</span> <span class='ocrx_word' id='word_1_37' title='bbox 622 1428 742 1501; x_wconf 93' lang='lat' dir='ltr'>saltem</span> <span class='ocrx_word' id='word_1_38' title='bbox 758 1427 903 1517; x_wconf 72' lang='lat' dir='ltr'>invadit,</span> <span class='ocrx_word' id='word_1_39' title='bbox 925 1449 1007 1523; x_wconf 78' lang='lat' dir='ltr'>erga</span> <span class='ocrx_word' id='word_1_40' title='bbox 1021 1428 1260 1504; x_wconf 86' lang='lat' dir='ltr'>Demenaetum</span> <span class='ocrx_word' id='word_1_41' title='bbox 1278 1432 1401 1505; x_wconf 88' lang='lat' dir='ltr'>oscula</span> 
     </span>
     <span class='ocr_line' id='line_1_8' title="bbox 327 1552 1401 1655; baseline 0.002 -29"><span class='ocrx_word' id='word_1_42' title='bbox 327 1553 468 1655; x_wconf 83' lang='lat' dir='ltr'>dantem</span> <span class='ocrx_word' id='word_1_43' title='bbox 484 1564 518 1627; x_wconf 89' lang='lat' dir='ltr'>et</span> <span class='ocrx_word' id='word_1_44' title='bbox 537 1553 652 1627; x_wconf 88' lang='lat' dir='ltr'>uxoris</span> <span class='ocrx_word' id='word_1_45' title='bbox 672 1576 743 1625; x_wconf 90' lang='lat' dir='ltr'>suae</span> <span class='ocrx_word' id='word_1_46' title='bbox 766 1552 907 1649; x_wconf 88' lang='lat' dir='ltr'>pallam,</span> <span class='ocrx_word' id='word_1_47' title='bbox 927 1552 987 1624; x_wconf 91' lang='lat' dir='ltr'>ubi</span> <span class='ocrx_word' id='word_1_48' title='bbox 1005 1552 1222 1649; x_wconf 86' lang='lat' dir='ltr'>surripuerit,</span> <span class='ocrx_word' id='word_1_49' title='bbox 1244 1555 1401 1650; x_wconf 91' lang='lat' dir='ltr'>promit-</span> 
     </span>
     <span class='ocr_line' id='line_1_9' title="bbox 327 1676 1399 1774; baseline 0.005 -23"><span class='ocrx_word' id='word_1_50' title='bbox 327 1686 454 1752; x_wconf 87' lang='lat' dir='ltr'>tentem</span> <span class='ocrx_word' id='word_1_51' title='bbox 501 1701 639 1751; x_wconf 91' lang='lat' dir='ltr'>summa</span> <span class='ocrx_word' id='word_1_52' title='bbox 674 1677 836 1752; x_wconf 90' lang='lat' dir='ltr'>comitate</span> <span class='ocrx_word' id='word_1_53' title='bbox 865 1676 995 1767; x_wconf 81' lang='lat' dir='ltr'>utitur,</span> <span class='ocrx_word' id='word_1_54' title='bbox 1030 1685 1134 1774; x_wconf 88' lang='lat' dir='ltr'>atque</span> <span class='ocrx_word' id='word_1_55' title='bbox 1166 1678 1255 1752; x_wconf 88' lang='lat' dir='ltr'>senis</span> <span class='ocrx_word' id='word_1_56' title='bbox 1287 1702 1399 1756; x_wconf 85' lang='lat' dir='ltr'>uxore</span> 
     </span>
     <span class='ocr_line' id='line_1_10' title="bbox 328 1803 1396 1896; baseline 0.003 -18"><span class='ocrx_word' id='word_1_57' title='bbox 328 1805 414 1878; x_wconf 89' lang='lat' dir='ltr'>irata</span> <span class='ocrx_word' id='word_1_58' title='bbox 432 1804 544 1878; x_wconf 88' lang='lat' dir='ltr'>subito</span> <span class='ocrx_word' id='word_1_59' title='bbox 564 1803 811 1878; x_wconf 87' lang='lat' dir='ltr'>interveniente</span> <span class='ocrx_word' id='word_1_60' title='bbox 824 1812 858 1876; x_wconf 91' lang='lat' dir='ltr'>et</span> <span class='ocrx_word' id='word_1_61' title='bbox 872 1825 989 1877; x_wconf 89' lang='lat' dir='ltr'>secum</span> <span class='ocrx_word' id='word_1_62' title='bbox 1003 1803 1167 1876; x_wconf 87' lang='lat' dir='ltr'>maritum</span> <span class='ocrx_word' id='word_1_63' title='bbox 1184 1804 1396 1896; x_wconf 74' lang='lat' dir='ltr'>abducente,</span> 
     </span>
     <span class='ocr_line' id='line_1_11' title="bbox 327 1929 1398 2026; baseline 0.003 -24"><span class='ocrx_word' id='word_1_64' title='bbox 327 1930 373 2003; x_wconf 88' lang='lat' dir='ltr'>ita</span> <span class='ocrx_word' id='word_1_65' title='bbox 388 1929 472 2002; x_wconf 87' lang='lat' dir='ltr'>nihil</span> <span class='ocrx_word' id='word_1_66' title='bbox 486 1953 554 2002; x_wconf 80' lang='lat' dir='ltr'>suae</span> <span class='ocrx_word' id='word_1_67' title='bbox 569 1929 790 2026; x_wconf 87' lang='lat' dir='ltr'>impudentiae</span> <span class='ocrx_word' id='word_1_68' title='bbox 804 1929 960 2019; x_wconf 87' lang='lat' dir='ltr'>remittit,</span> <span class='ocrx_word' id='word_1_69' title='bbox 981 1936 1017 2001; x_wconf 90' lang='lat' dir='ltr'>ut</span> <span class='ocrx_word' id='word_1_70' title='bbox 1036 1929 1185 2002; x_wconf 88' lang='lat' dir='ltr'>vetulum</span> <span class='ocrx_word' id='word_1_71' title='bbox 1203 1938 1398 2006; x_wconf 79' lang='lat' dir='ltr'>amatorem</span> 
     </span>
     <span class='ocr_line' id='line_1_12' title="bbox 325 2053 1399 2154; baseline 0.003 -24"><span class='ocrx_word' id='word_1_72' title='bbox 325 2055 472 2154; x_wconf 87' lang='lat' dir='ltr'>jamjam</span> <span class='ocrx_word' id='word_1_73' title='bbox 501 2078 719 2154; x_wconf 79' lang='lat' dir='ltr'>egressurum</span> <span class='ocrx_word' id='word_1_74' title='bbox 745 2055 843 2151; x_wconf 85' lang='lat' dir='ltr'>pallae</span> <span class='ocrx_word' id='word_1_75' title='bbox 873 2053 1049 2151; x_wconf 90' lang='lat' dir='ltr'>promissae</span> <span class='ocrx_word' id='word_1_76' title='bbox 1080 2054 1168 2129; x_wconf 92' lang='lat' dir='ltr'>bene</span> <span class='ocrx_word' id='word_1_77' title='bbox 1199 2056 1399 2133; x_wconf 88' lang='lat' dir='ltr'>meminisse</span> 
     </span>
     <span class='ocr_line' id='line_1_13' title="bbox 324 2179 1398 2278; baseline 0.003 -23"><span class='ocrx_word' id='word_1_78' title='bbox 324 2181 445 2278; x_wconf 88' lang='lat' dir='ltr'>jubeat</span> <span class='ocrx_word' id='word_1_79' title='bbox 460 2181 523 2278; x_wconf 76' lang='lat'>(2).</span> <span class='ocrx_word' id='word_1_80' title='bbox 548 2181 660 2278; x_wconf 79' lang='lat' dir='ltr'>lligua</span> <span class='ocrx_word' id='word_1_81' title='bbox 681 2179 821 2276; x_wconf 91' lang='lat' dir='ltr'>quidem</span> <span class='ocrx_word' id='word_1_82' title='bbox 844 2179 1038 2278; x_wconf 80' lang='lat' dir='ltr'>Argyrippo</span> <span class='ocrx_word' id='word_1_83' title='bbox 1060 2179 1256 2254; x_wconf 90' lang='lat' dir='ltr'>Philenium</span> <span class='ocrx_word' id='word_1_84' title='bbox 1276 2189 1339 2271; x_wconf 77' lang='lat' dir='ltr'>est,</span> <span class='ocrx_word' id='word_1_85' title='bbox 1361 2192 1398 2258; x_wconf 91' lang='lat' dir='ltr'>et</span> 
     </span>
     <span class='ocr_line' id='line_1_14' title="bbox 326 2303 1306 2404; baseline 0 -25"><span class='ocrx_word' id='word_1_86' title='bbox 326 2307 430 2380; x_wconf 83' lang='lat' dir='ltr'>anrbo</span> <span class='ocrx_word' id='word_1_87' title='bbox 449 2307 523 2403; x_wconf 91' lang='lat' dir='ltr'>pari</span> <span class='ocrx_word' id='word_1_88' title='bbox 542 2305 734 2404; x_wconf 86' lang='lat' dir='ltr'>ignominia</span> <span class='ocrx_word' id='word_1_89' title='bbox 747 2303 866 2378; x_wconf 84' lang='lat' dir='ltr'>loedati</span> <span class='ocrx_word' id='word_1_90' title='bbox 883 2329 944 2402; x_wconf 90' lang='lat' dir='ltr'>par</span> <span class='ocrx_word' id='word_1_91' title='bbox 960 2305 1079 2379; x_wconf 86' lang='lat' dir='ltr'>odium</span> <span class='ocrx_word' id='word_1_92' title='bbox 1096 2306 1149 2379; x_wconf 92' lang='lat' dir='ltr'>sui</span> <span class='ocrx_word' id='word_1_93' title='bbox 1163 2306 1306 2380; x_wconf 85' lang='lat' dir='ltr'>faciunt.</span> 
     </span>
    </p>

    <p class='ocr_par' dir='ltr' id='par_1_5' title="bbox 261 2431 1458 3533">
     <span class='ocr_line' id='line_1_15' title="bbox 261 2431 1397 2531; baseline 0.003 -26"><span class='ocrx_word' id='word_1_94' title='bbox 261 2446 267 2456; x_wconf 86' lang='grc'><em>·</em></span> <span class='ocrx_word' id='word_1_95' title='bbox 375 2432 521 2506; x_wconf 88' lang='lat' dir='ltr'>Calidori</span> <span class='ocrx_word' id='word_1_96' title='bbox 539 2432 574 2504; x_wconf 94' lang='lat' dir='ltr'>in</span> <span class='ocrx_word' id='word_1_97' title='bbox 593 2432 760 2506; x_wconf 79' lang='lat' dir='ltr'>Pseudolo</span> <span class='ocrx_word' id='word_1_98' title='bbox 782 2431 961 2527; x_wconf 90' lang='lat' dir='ltr'>turpitudo</span> <span class='ocrx_word' id='word_1_99' title='bbox 982 2433 1109 2520; x_wconf 88' lang='lat' dir='ltr'>minor,</span> <span class='ocrx_word' id='word_1_100' title='bbox 1136 2433 1248 2531; x_wconf 87' lang='lat' dir='ltr'>maj0r</span> <span class='ocrx_word' id='word_1_101' title='bbox 1278 2442 1397 2508; x_wconf 87' lang='lat' dir='ltr'>autern</span> 
     </span>
     <span class='ocr_line' id='line_1_16' title="bbox 326 2557 1403 2655; baseline 0.002 -25"><span class='ocrx_word' id='word_1_102' title='bbox 326 2557 480 2630; x_wconf 87' lang='lat' dir='ltr'>stultitia.</span> <span class='ocrx_word' id='word_1_103' title='bbox 527 2557 591 2631; x_wconf 92' lang='lat' dir='ltr'>Hic</span> <span class='ocrx_word' id='word_1_104' title='bbox 624 2558 717 2632; x_wconf 79' lang='lat' dir='ltr'>eninr</span> <span class='ocrx_word' id='word_1_105' title='bbox 756 2579 853 2630; x_wconf 91' lang='lat' dir='ltr'>suam</span> <span class='ocrx_word' id='word_1_106' title='bbox 897 2580 980 2655; x_wconf 80' lang='lat' dir='ltr'>erga</span> <span class='ocrx_word' id='word_1_107' title='bbox 1032 2558 1247 2632; x_wconf 81' lang='lat' dir='ltr'>Phoenicium</span> <span class='ocrx_word' id='word_1_108' title='bbox 1286 2559 1403 2645; x_wconf 77' lang='lat' dir='ltr'>fidem,</span> 
     </span>
     <span class='ocr_line' id='line_1_17' title="bbox 326 2682 1396 2782; baseline 0.001 -26"><span class='ocrx_word' id='word_1_109' title='bbox 326 2691 463 2781; x_wconf 74' lang='lat' dir='ltr'>questu,</span> <span class='ocrx_word' id='word_1_110' title='bbox 479 2683 623 2779; x_wconf 83' lang='lat' dir='ltr'>gemitu,</span> <span class='ocrx_word' id='word_1_111' title='bbox 636 2682 881 2757; x_wconf 87' lang='lat' dir='ltr'>lamentatione</span> <span class='ocrx_word' id='word_1_112' title='bbox 896 2691 1064 2779; x_wconf 88' lang='lat' dir='ltr'>perpetua</span> <span class='ocrx_word' id='word_1_113' title='bbox 1081 2692 1238 2775; x_wconf 81' lang='lat' dir='ltr'>testatur,</span> <span class='ocrx_word' id='word_1_114' title='bbox 1257 2693 1290 2759; x_wconf 90' lang='lat' dir='ltr'>et</span> <span class='ocrx_word' id='word_1_115' title='bbox 1303 2686 1396 2782; x_wconf 86' lang='lat' dir='ltr'>lepi-</span> 
     </span>
     <span class='ocr_line' id='line_1_18' title="bbox 326 2807 1395 2905; baseline 0.002 -23"><span class='ocrx_word' id='word_1_116' title='bbox 326 2809 386 2882; x_wconf 91' lang='lat' dir='ltr'>das</span> <span class='ocrx_word' id='word_1_117' title='bbox 401 2808 541 2883; x_wconf 86' lang='lat' dir='ltr'>tabellas</span> <span class='ocrx_word' id='word_1_118' title='bbox 555 2807 677 2905; x_wconf 89' lang='lat' dir='ltr'>lepidis</span> <span class='ocrx_word' id='word_1_119' title='bbox 696 2808 818 2882; x_wconf 88' lang='lat' dir='ltr'>litteris</span> <span class='ocrx_word' id='word_1_120' title='bbox 841 2808 955 2905; x_wconf 89' lang='lat' dir='ltr'>lepida</span> <span class='ocrx_word' id='word_1_121' title='bbox 975 2832 1080 2882; x_wconf 91' lang='lat' dir='ltr'>manu</span> <span class='ocrx_word' id='word_1_122' title='bbox 1105 2810 1149 2882; x_wconf 91' lang='lat' dir='ltr'>ab</span> <span class='ocrx_word' id='word_1_123' title='bbox 1171 2811 1282 2884; x_wconf 88' lang='lat' dir='ltr'>amica</span> <span class='ocrx_word' id='word_1_124' title='bbox 1310 2834 1395 2884; x_wconf 91' lang='lat' dir='ltr'>con·</span> 
     </span>
     <span class='ocr_line' id='line_1_19' title="bbox 325 2934 1395 3033; baseline 0.002 -24"><span class='ocrx_word' id='word_1_125' title='bbox 325 2936 466 3033; x_wconf 84' lang='lat' dir='ltr'>scriptas</span> <span class='ocrx_word' id='word_1_126' title='bbox 477 2935 819 3010; x_wconf 88' lang='lat' dir='ltr'>exanimatussecum</span> <span class='ocrx_word' id='word_1_127' title='bbox 837 2942 946 3033; x_wconf 83' lang='lat' dir='ltr'>gestat</span> <span class='ocrx_word' id='word_1_128' title='bbox 956 2934 1173 3032; x_wconf 86' lang='lat' dir='ltr'>lacrimisque</span> <span class='ocrx_word' id='word_1_129' title='bbox 1184 2936 1395 3030; x_wconf 86' lang='lat' dir='ltr'>perennibus</span> 
     </span>
     <span class='ocr_line' id='line_1_20' title="bbox 325 3060 1458 3160; baseline 0.01 -29"><span class='ocrx_word' id='word_1_130' title='bbox 325 3060 421 3133; x_wconf 88' lang='lat' dir='ltr'>lavit.</span> <span class='ocrx_word' id='word_1_131' title='bbox 446 3061 572 3134; x_wconf 88' lang='lat' dir='ltr'>Scribit</span> <span class='ocrx_word' id='word_1_132' title='bbox 592 3061 665 3156; x_wconf 88' lang='lat' dir='ltr'>ipsa</span> <span class='ocrx_word' id='word_1_133' title='bbox 681 3060 898 3133; x_wconf 72' lang='lat' dir='ltr'>Phoenicium</span> <span class='ocrx_word' id='word_1_134' title='bbox 919 3083 986 3133; x_wconf 94' lang='lat' dir='ltr'>non</span> <span class='ocrx_word' id='word_1_135' title='bbox 1008 3061 1081 3134; x_wconf 90' lang='lat' dir='ltr'>sine</span> <span class='ocrx_word' id='word_1_136' title='bbox 1103 3084 1229 3159; x_wconf 77' lang='lat' dir='ltr'>magno</span> <span class='ocrx_word' id='word_1_137' title='bbox 1258 3063 1392 3160; x_wconf 84' lang='lat' dir='ltr'>gemitu</span> <span class='ocrx_word' id='word_1_138' title='bbox 1456 3138 1458 3142; x_wconf 86' lang='lat'>.</span> 
     </span>
     <span class='ocr_line' id='line_1_21' title="bbox 326 3171 1393 3275; baseline 0.003 -17"><span class='ocrx_word' id='word_1_139' title='bbox 326 3208 361 3258; x_wconf 90' lang='lat' dir='ltr'>se</span> <span class='ocrx_word' id='word_1_140' title='bbox 383 3184 590 3258; x_wconf 78' lang='lat' dir='ltr'>Macedonici</span> <span class='ocrx_word' id='word_1_141' title='bbox 610 3183 724 3257; x_wconf 91' lang='lat' dir='ltr'>militis</span> <span class='ocrx_word' id='word_1_142' title='bbox 741 3171 783 3256; x_wconf 47' lang='lat' dir='ltr'>inx</span> <span class='ocrx_word' id='word_1_143' title='bbox 800 3206 957 3275; x_wconf 78' lang='lat' dir='ltr'>manum,</span> <span class='ocrx_word' id='word_1_144' title='bbox 988 3185 1052 3257; x_wconf 90' lang='lat' dir='ltr'>nisi</span> <span class='ocrx_word' id='word_1_145' title='bbox 1077 3186 1243 3260; x_wconf 86' lang='lat' dir='ltr'>auxilium</span> <span class='ocrx_word' id='word_1_146' title='bbox 1260 3186 1393 3261; x_wconf 83' lang='lat' dir='ltr'>ailera-</span> 
     </span>
     <span class='ocr_line' id='line_1_22' title="bbox 326 3309 1393 3409; baseline 0.005 -27"><span class='ocrx_word' id='word_1_147' title='bbox 326 3318 396 3401; x_wconf 88' lang='lat' dir='ltr'>tur,</span> <span class='ocrx_word' id='word_1_148' title='bbox 416 3309 563 3409; x_wconf 86' lang='lat' dir='ltr'>jamjam</span> <span class='ocrx_word' id='word_1_149' title='bbox 595 3317 777 3383; x_wconf 88' lang='lat' dir='ltr'>venturam</span> <span class='ocrx_word' id='word_1_150' title='bbox 800 3331 891 3397; x_wconf 84' lang='lat' dir='ltr'>esse3</span> <span class='ocrx_word' id='word_1_151' title='bbox 919 3309 1019 3407; x_wconf 85' lang='lat' dir='ltr'>cujus</span> <span class='ocrx_word' id='word_1_152' title='bbox 1047 3310 1197 3407; x_wconf 74' lang='lat' dir='ltr'>epistola</span> <span class='ocrx_word' id='word_1_153' title='bbox 1224 3313 1251 3384; x_wconf 95' lang='lat' dir='ltr'>si</span> <span class='ocrx_word' id='word_1_154' title='bbox 1279 3313 1393 3408; x_wconf 87' lang='lat' dir='ltr'>prima</span> 
     </span>
     <span class='ocr_line' id='line_1_23' title="bbox 325 3433 1392 3533; baseline 0.002 -25"><span class='ocrx_word' id='word_1_155' title='bbox 325 3443 461 3509; x_wconf 89' lang='lat' dir='ltr'>tantum</span> <span class='ocrx_word' id='word_1_156' title='bbox 478 3435 582 3509; x_wconf 90' lang='lat' dir='ltr'>verba</span> <span class='ocrx_word' id='word_1_157' title='bbox 604 3435 748 3531; x_wconf 75' lang='lat' dir='ltr'>legeres,</span> <span class='ocrx_word' id='word_1_158' title='bbox 770 3456 906 3509; x_wconf 90' lang='lat' dir='ltr'>amores</span> <span class='ocrx_word' id='word_1_159' title='bbox 923 3433 1010 3508; x_wconf 92' lang='lat' dir='ltr'>adeo</span> <span class='ocrx_word' id='word_1_160' title='bbox 1028 3435 1226 3510; x_wconf 90' lang='lat' dir='ltr'>lacrimosos</span> <span class='ocrx_word' id='word_1_161' title='bbox 1243 3460 1392 3533; x_wconf 90' lang='lat' dir='ltr'>praeser-</span> 
     </span>
    </p>
   </div>
   <div class='ocr_carea' id='block_1_5' title="bbox 216 3559 1391 3657">
    <p class='ocr_par' dir='ltr' id='par_1_6' title="bbox 216 3559 1391 3657">
     <span class='ocr_line' id='line_1_24' title="bbox 216 3559 1391 3657; baseline 0.003 -24"><span class='ocrx_word' id='word_1_162' title='bbox 216 3626 220 3633; x_wconf 90' lang='lat'><em>.</em></span> <span class='ocrx_word' id='word_1_163' title='bbox 325 3562 385 3635; x_wconf 91' lang='lat' dir='ltr'>tim</span> <span class='ocrx_word' id='word_1_164' title='bbox 409 3562 442 3634; x_wconf 93' lang='lat' dir='ltr'>in</span> <span class='ocrx_word' id='word_1_165' title='bbox 461 3559 628 3634; x_wconf 89' lang='lat' dir='ltr'>Plautinis</span> <span class='ocrx_word' id='word_1_166' title='bbox 648 3559 771 3632; x_wconf 78' lang='lat' dir='ltr'>fabulis</span> <span class='ocrx_word' id='word_1_167' title='bbox 789 3559 886 3632; x_wconf 88' lang='lat' dir='ltr'>valde</span> <span class='ocrx_word' id='word_1_168' title='bbox 901 3559 1091 3653; x_wconf 89' lang='lat' dir='ltr'>mirareris;</span> <span class='ocrx_word' id='word_1_169' title='bbox 1117 3561 1295 3657; x_wconf 85' lang='lat' dir='ltr'>sequentia</span> <span class='ocrx_word' id='word_1_170' title='bbox 1308 3585 1391 3637; x_wconf 87' lang='lat' dir='ltr'>vero</span> 
     </span>
    </p>
   </div>
   <div class='ocr_carea' id='block_1_6' title="bbox 324 3683 1484 4164">
    <p class='ocr_par' dir='ltr' id='par_1_7' title="bbox 324 3683 1484 4164">
     <span class='ocr_line' id='line_1_25' title="bbox 325 3683 1392 3782; baseline 0.001 -22"><span class='ocrx_word' id='word_1_171' title='bbox 325 3687 422 3760; x_wconf 92' lang='lat' dir='ltr'>ludos</span> <span class='ocrx_word' id='word_1_172' title='bbox 447 3687 575 3761; x_wconf 86' lang='lat' dir='ltr'>auroris</span> <span class='ocrx_word' id='word_1_173' title='bbox 598 3685 692 3760; x_wconf 88' lang='lat' dir='ltr'>brevi</span> <span class='ocrx_word' id='word_1_174' title='bbox 713 3686 883 3782; x_wconf 91' lang='lat' dir='ltr'>perituros</span> <span class='ocrx_word' id='word_1_175' title='bbox 912 3683 959 3756; x_wconf 93' lang='lat' dir='ltr'>ita</span> <span class='ocrx_word' id='word_1_176' title='bbox 989 3684 1099 3758; x_wconf 89' lang='lat' dir='ltr'>vivide</span> <span class='ocrx_word' id='word_1_177' title='bbox 1121 3685 1333 3777; x_wconf 89' lang='lat' dir='ltr'>describunt,</span> <span class='ocrx_word' id='word_1_178' title='bbox 1354 3696 1392 3761; x_wconf 93' lang='lat' dir='ltr'>ut</span> 
     </span>
     <span class='ocr_line' id='line_1_26' title="bbox 325 3809 1387 3909; baseline 0.001 -23"><span class='ocrx_word' id='word_1_179' title='bbox 325 3814 444 3886; x_wconf 87' lang='lat' dir='ltr'>ambos</span> <span class='ocrx_word' id='word_1_180' title='bbox 472 3820 627 3886; x_wconf 92' lang='lat' dir='ltr'>amantes</span> <span class='ocrx_word' id='word_1_181' title='bbox 647 3811 821 3884; x_wconf 92' lang='lat' dir='ltr'>interdum</span> <span class='ocrx_word' id='word_1_182' title='bbox 851 3809 933 3883; x_wconf 89' lang='lat' dir='ltr'>lletu</span> <span class='ocrx_word' id='word_1_183' title='bbox 964 3810 1165 3885; x_wconf 87' lang='lat' dir='ltr'>abstinuisse</span> <span class='ocrx_word' id='word_1_184' title='bbox 1193 3812 1387 3909; x_wconf 88' lang='lat' dir='ltr'>suspiceris.</span> 
     </span>
     <span class='ocr_line' id='line_1_27' title="bbox 324 3935 1392 4033; baseline 0.001 -21"><span class='ocrx_word' id='word_1_185' title='bbox 324 3940 422 4014; x_wconf 93' lang='lat' dir='ltr'>Nunc</span> <span class='ocrx_word' id='word_1_186' title='bbox 434 3948 565 4027; x_wconf 83' lang='lat' dir='ltr'>autem,</span> <span class='ocrx_word' id='word_1_187' title='bbox 578 3937 690 4010; x_wconf 91' lang='lat' dir='ltr'>amica</span> <span class='ocrx_word' id='word_1_188' title='bbox 703 3958 802 4033; x_wconf 87' lang='lat' dir='ltr'>paene</span> <span class='ocrx_word' id='word_1_189' title='bbox 817 3935 957 4023; x_wconf 80' lang='lat' dir='ltr'>amissa,</span> <span class='ocrx_word' id='word_1_190' title='bbox 969 3943 1064 4009; x_wconf 91' lang='lat' dir='ltr'>tanta</span> <span class='ocrx_word' id='word_1_191' title='bbox 1084 3945 1134 4009; x_wconf 84' lang='lat' dir='ltr'>est</span> <span class='ocrx_word' id='word_1_192' title='bbox 1149 3937 1297 4012; x_wconf 86' lang='lat' dir='ltr'>Calidori</span> <span class='ocrx_word' id='word_1_193' title='bbox 1314 3938 1392 4013; x_wconf 91' lang='lat' dir='ltr'>des-</span> 
     </span>
     <span class='ocr_line' id='line_1_28' title="bbox 326 4061 1484 4164; baseline 0 -26"><span class='ocrx_word' id='word_1_194' title='bbox 326 4064 471 4160; x_wconf 73' lang='lat' dir='ltr'>peratio,&#39;</span> <span class='ocrx_word' id='word_1_195' title='bbox 487 4072 525 4138; x_wconf 89' lang='lat' dir='ltr'>ut</span> <span class='ocrx_word' id='word_1_196' title='bbox 539 4064 591 4137; x_wconf 83' lang='lat' dir='ltr'>bis</span> <span class='ocrx_word' id='word_1_197' title='bbox 603 4063 666 4136; x_wconf 86' lang='lat' dir='ltr'>sibi</span> <span class='ocrx_word' id='word_1_198' title='bbox 683 4071 830 4136; x_wconf 87' lang='lat' dir='ltr'>mortem</span> <span class='ocrx_word' id='word_1_199' title='bbox 845 4061 1056 4136; x_wconf 86' lang='lat' dir='ltr'>consciscere</span> <span class='ocrx_word' id='word_1_200' title='bbox 1071 4061 1162 4136; x_wconf 89' lang='lat' dir='ltr'>velit.</span> <span class='ocrx_word' id='word_1_201' title='bbox 1178 4064 1388 4159; x_wconf 78' lang='lat' dir='ltr'>Septimum</span> <span class='ocrx_word' id='word_1_202' title='bbox 1479 4155 1484 4164; x_wconf 22' lang='grc' dir='ltr'>ι</span> 
     </span>
    </p>
   </div>
   <div class='ocr_carea' id='block_1_7' title="bbox 356 4260 583 4406">
    <p class='ocr_par' dir='ltr' id='par_1_8' title="bbox 356 4260 583 4406">
     <span class='ocr_line' id='line_1_29' title="bbox 356 4260 583 4326; baseline -0.013 -15"><span class='ocrx_word' id='word_1_203' title='bbox 356 4263 390 4326; x_wconf 81' lang='lat'>(1)</span> <span class='ocrx_word' id='word_1_204' title='bbox 407 4262 489 4320; x_wconf 77' lang='lat' dir='ltr'>Asin,</span> <span class='ocrx_word' id='word_1_205' title='bbox 503 4261 544 4319; x_wconf 88' lang='lat' dir='ltr'>lll,</span> <span class='ocrx_word' id='word_1_206' title='bbox 559 4260 583 4308; x_wconf 84' lang='lat'>3.</span> 
     </span>
     <span class='ocr_line' id='line_1_30' title="bbox 357 4340 570 4406; baseline -0.023 -15"><span class='ocrx_word' id='word_1_207' title='bbox 357 4343 391 4406; x_wconf 68' lang='lat' dir='ltr'>(d)</span> <span class='ocrx_word' id='word_1_208' title='bbox 409 4342 489 4398; x_wconf 75' lang='lat' dir='ltr'>Asia,</span> <span class='ocrx_word' id='word_1_209' title='bbox 506 4343 531 4399; x_wconf 90' lang='lat' dir='ltr'>V,</span> <span class='ocrx_word' id='word_1_210' title='bbox 547 4340 570 4387; x_wconf 66' lang='lat'>⁹2.</span> 
     </span>
    </p>
   </div>
   <div class='ocr_carea' id='block_1_8' title="bbox 0 0 1520 5266">
    <p class='ocr_par' dir='ltr' id='par_1_9' title="bbox 0 0 1520 5266">
     <span class='ocr_line' id='line_1_31' title="bbox 0 0 1520 5266; baseline 0 1"><span class='ocrx_word' id='word_1_211' title='bbox 0 0 1520 5266; x_wconf 95' lang='lat' dir='ltr'> </span> 
     </span>
    </p>
   </div>
  </div>
 </body>
</html>
