3030 5266
632 537 835 615 272-

218 701 276 754 eas
290 685 426 752 tantum
450 674 627 773 superbas,
662 682 879 771 sumptuosas
901 672 1068 773 depingit,
1087 675 1147 751 sed
1162 683 1201 750 ct
1220 698 1290 751 mo-

218 827 325 893 rosas,
346 801 532 901 jurgiosas,
550 800 799 885 oblatratriceS,
824 823 925 874 sexus
940 809 974 874 et
994 799 1103 874 aetatis
1127 800 1289 875 omnibus

217 928 391 1028 leporibus
414 926 606 1002 destitutas.
636 923 744 1022 Major
774 924 878 998 etiam
908 925 1112 999 maritorum
1141 925 1285 1001 irrisio:

218 1055 347 1152 quippe
366 1052 424 1151 qui
442 1074 522 1125 snas
537 1073 660 1126 uxores
674 1051 789 1148 palam
811 1050 1050 1140 reformident,
1070 1050 1161 1125 clam
1189 1051 1287 1127 lace-

219 1187 295 1255 rent
313 1187 348 1254 et
365 1177 498 1269 fallant,
522 1177 740 1274 praeposteris
756 1175 945 1264 amoribus
966 1197 1054 1250 cano
1070 1176 1202 1274 capite,
1226 1177 1288 1252 ob·

218 1310 419 1401 sequantur,
429 1300 506 1375 filiis
518 1301 646 1375 amicas
660 1299 819 1374 furentur
831 1300 884 1373 vel
898 1321 940 1373 ea
950 1299 1148 1374 conditione
1164 1300 1288 1375 cedant

219 1436 257 1502 ut
277 1428 325 1502 eis
351 1426 499 1501 vicissim
524 1424 698 1513 fruantur,
722 1424 832 1498 donec
859 1423 904 1497 ab
923 1424 1087 1497 uxoribus
1109 1424 1145 1497 in
1175 1425 1289 1500 media

219 1554 322 1651 culpa
348 1551 567 1649 deprehensi,
590 1550 693 1641 illusi,
723 1549 940 1624 contumeliis
965 1549 1111 1639 onerati,
1143 1549 1288 1626 domum

220 1679 316 1753 inviti
336 1699 377 1751 ac
396 1684 587 1751 mussantes
598 1674 823 1750 reducantur.

269 1805 337 1894 Qui
376 1810 536 1902 parentes
574 1802 621 1875 ita
655 1802 846 1891 vexaverit,
877 1801 1080 1898 scriptorem
1123 1803 1288 1878 eumdem

222 1929 319 2005 lacile
336 1927 496 2026 intelligis
518 1927 607 2001 natis
626 1926 718 2000 haud
742 1927 853 2024 magis
878 1928 1087 2024 pepereisse;
1109 1950 1169 2001 cos
1194 1929 1286 2003 enim

222 2063 257 2130 at
284 2053 370 2128 [ilios
389 2051 513 2150 impios
527 2051 671 2126 ostendit
687 2060 831 2124 mortem
854 2052 959 2147 patris
975 2050 1077 2124 nimis
1094 2061 1287 2127 morantem

223 2179 454 2275 increpantes,
483 2185 518 2252 et
545 2184 716 2251 amatores
739 2176 808 2250 sive
838 2176 1012 2267 ridiculos,
1044 2175 1113 2251 sive
1139 2178 1289 2276 turpiter

222 2304 433 2378 libidinosos.
462 2304 555 2392 Quos
584 2302 731 2398 lepores,
766 2325 871 2399 quam
896 2291 1121 2376 venustatem
1138 2301 1289 2378 habeant

223 2427 491 2502 adolescentium
521 2448 658 2500 amores
690 2425 883 2500 describere
914 2427 1027 2500 minus
1051 2435 1163 2518 curat,
1182 2450 1286 2525 quam

222 2551 416 2640 stultitiam,
442 2551 630 2650 ignaviam,
666 2559 700 2626 et
717 2545 847 2625 'omnis
879 2552 1014 2650 generis
1054 2552 1208 2626 miserias
1241 2552 1288 2627 eis

223 2677 341 2751 insitas
355 2675 564 2775 patefacere,
584 2676 781 2773 asperisque
793 2677 880 2775 jocis
893 2677 1066 2752 insectari.
1086 2680 1152 2752 Eos
1165 2679 1285 2768 etiam,

222 2825 310 2901 quos
326 2802 538 2878 verecundos
557 2811 592 2877 et
612 2825 733 2877 suaves
756 2802 965 2878 adumbrare
989 2803 1177 2900 inceperat,
1206 2827 1287 2878 mox

222 2928 364 3003 acrioris
377 2927 505 3026 ingenii
524 2928 655 3026 impetu
672 2936 802 3026 raptus,
824 2927 1038 3026 turpitudine
1057 2928 1288 3026 inexspectata

223 3053 386 3142 maculat,
422 3061 455 3127 et
486 3052 621 3128 fastidio
653 3052 773 3151 dignos
798 3052 913 3128 efficit.
948 3053 1036 3140 Quid
1064 3060 1167 3129 vero?
1198 3054 1289 3129 dicet

223 3177 363 3272 aliquis,
382 3176 542 3253 eumdem
560 3185 712 3274 poetam,
729 3200 833 3275 quem
860 3201 972 3274 nuper
985 3177 1150 3252 lascivum
1167 3185 1202 3254 et
1221 3179 1287 3253 ob-

215 3323 362 3407 scenum
380 3301 593 3398 increpuisti,
610 3324 703 3375 nuno
721 3324 898 3377 censorem
915 3301 957 3376 ad
981 3303 1048 3378 hoc
1071 3303 1287 3400 aptissimum

222 3448 295 3501 esse
315 3427 491 3502 contendis
508 3433 546 3500 ut
564 3427 797 3502 adolescentes
812 3428 863 3501 ab.
877 3429 971 3501 omni
988 3428 1162 3525 voluptate
1186 3452 1287 3504 amo-

221 3558 317 3626 veat‘l
344 3552 417 3627 Non
445 3551 490 3626 ab
517 3553 612 3627 omni
639 3550 795 3650 quidem,
820 3550 918 3627 facile
947 3551 1070 3643 fateor,
1102 3554 1161 3630 sed
1180 3555 1226 3628 ab
1245 3579 1288 3630 ea

220 3676 341 3751 insana
363 3685 397 3752 et
427 3676 593 3752 effrenata
624 3701 703 3774 quoe
735 3676 884 3751 dedecus
916 3686 950 3752 et
980 3679 1130 3777 inopiam
1166 3703 1287 3755 secum

218 3799 352 3876 alferat.
373 3803 438 3876 Per
452 3825 533 3876 eum
556 3802 636 3877 licet
656 3809 787 3896 potare,
811 3825 944 3892 amare,
962 3804 1045 3878 dum
1067 3804 1203 3878 «modo
1226 3804 1286 3880 fiat

218 3924 309 4000 bono
326 3956 340 3992 u
362 3925 424 4023 (l).
443 3926 510 4016 Qui
525 3927 567 4001 sit
579 3927 636 4001 hie
650 3927 760 4001 honus
774 3928 907 4008 modus,
924 3928 1098 4026 quomodo
1112 3940 1282 4020 servetur,

218 4054 340 4148 rogas?
368 4073 492 4148 nempe
519 4052 546 4125 si
577 4062 747 4127 amatores
775 4055 941 4129 matronis
968 4054 1176 4147 abstineant,
1203 4080 1285 4132 eum

250 4323 284 4388 (l)
301 4324 432 4384 Mercator,
449 4327 476 4385 ll,
492 4326 514 4375 l.
