<?xml version="1.0" encoding="UTF-8"?>
<!DOCTYPE html PUBLIC "-//W3C//DTD XHTML 1.0 Transitional//EN"
    "http://www.w3.org/TR/xhtml1/DTD/xhtml1-transitional.dtd">
<html xmlns="http://www.w3.org/1999/xhtml" xml:lang="en" lang="en">
 <head>
  <title>
</title>
<meta http-equiv="Content-Type" content="text/html;charset=utf-8" />
  <meta name='ocr-system' content='tesseract 3.04.00' />
  <meta name='ocr-capabilities' content='ocr_page ocr_carea ocr_par ocr_line ocrx_word'/>
</head>
<body>
  <div class='ocr_page' id='page_1' title='image "./deplautinisette00bertgoog_0077.png"; bbox 0 0 3030 5266; ppageno 0'>
   <div class='ocr_carea' id='block_1_1' title="bbox 669 559 829 623">
    <p class='ocr_par' dir='ltr' id='par_1_1' title="bbox 669 559 829 623">
     <span class='ocr_line' id='line_1_1' title="bbox 669 559 829 623; baseline 0 -17"><span class='ocrx_word' id='word_1_1' title='bbox 669 559 829 623; x_wconf 72' lang='grc'>..66-</span> 
     </span>
    </p>
   </div>
   <div class='ocr_carea' id='block_1_2' title="bbox 216 691 1299 1168">
    <p class='ocr_par' dir='ltr' id='par_1_2' title="bbox 216 691 1299 1168">
     <span class='ocr_line' id='line_1_2' title="bbox 216 691 1299 794; baseline 0.006 -29"><span class='ocrx_word' id='word_1_2' title='bbox 216 715 253 767; x_wconf 91' lang='lat' dir='ltr'><strong>se</strong></span> <span class='ocrx_word' id='word_1_3' title='bbox 263 691 482 767; x_wconf 83' lang='lat' dir='ltr'><strong>commendat</strong></span> <span class='ocrx_word' id='word_1_4' title='bbox 491 719 501 780; x_wconf 88' lang='lat'>;</span> <span class='ocrx_word' id='word_1_5' title='bbox 519 692 625 768; x_wconf 91' lang='lat' dir='ltr'><strong>babet</strong></span> <span class='ocrx_word' id='word_1_6' title='bbox 636 695 793 768; x_wconf 88' lang='lat' dir='ltr'><strong>animum</strong></span> <span class='ocrx_word' id='word_1_7' title='bbox 808 703 983 792; x_wconf 90' lang='lat' dir='ltr'><strong>apertum,</strong></span> <span class='ocrx_word' id='word_1_8' title='bbox 998 697 1162 785; x_wconf 77' lang='lat' dir='ltr'>alacrem,</span> <span class='ocrx_word' id='word_1_9' title='bbox 1179 705 1299 794; x_wconf 50' lang='lat' dir='ltr'><strong>atque,</strong></span> 
     </span>
     <span class='ocr_line' id='line_1_3' title="bbox 217 818 1289 918; baseline 0.002 -25"><span class='ocrx_word' id='word_1_10' title='bbox 217 818 335 911; x_wconf 85' lang='lat' dir='ltr'><strong>etiam,</strong></span> <span class='ocrx_word' id='word_1_11' title='bbox 348 818 527 892; x_wconf 78' lang='lat' dir='ltr'><strong>occasione</strong></span> <span class='ocrx_word' id='word_1_12' title='bbox 540 818 632 910; x_wconf 90' lang='lat' dir='ltr'><strong>data,</strong></span> <span class='ocrx_word' id='word_1_13' title='bbox 648 820 822 915; x_wconf 92' lang='lat' dir='ltr'><strong>lepidum;</strong></span> <span class='ocrx_word' id='word_1_14' title='bbox 840 843 908 893; x_wconf 92' lang='lat' dir='ltr'><strong>non</strong></span> <span class='ocrx_word' id='word_1_15' title='bbox 927 844 1065 918; x_wconf 87' lang='lat' dir='ltr'><strong>semper</strong></span> <span class='ocrx_word' id='word_1_16' title='bbox 1077 821 1111 893; x_wconf 94' lang='lat' dir='ltr'><strong>in</strong></span> <span class='ocrx_word' id='word_1_17' title='bbox 1125 821 1289 895; x_wconf 77' lang='lat' dir='ltr'><strong>lacrimas</strong></span> 
     </span>
     <span class='ocr_line' id='line_1_4' title="bbox 217 942 1287 1042; baseline 0 -24"><span class='ocrx_word' id='word_1_18' title='bbox 217 942 425 1031; x_wconf 82' lang='lat' dir='ltr'><strong>effunditur3</strong></span> <span class='ocrx_word' id='word_1_19' title='bbox 437 943 525 1042; x_wconf 86' lang='lat' dir='ltr'><strong>jocis</strong></span> <span class='ocrx_word' id='word_1_20' title='bbox 540 967 691 1041; x_wconf 79' lang='lat' dir='ltr'><strong>quoque,</strong></span> <span class='ocrx_word' id='word_1_21' title='bbox 706 968 792 1041; x_wconf 90' lang='lat' dir='ltr'><strong>ques</strong></span> <span class='ocrx_word' id='word_1_22' title='bbox 803 945 923 1018; x_wconf 83' lang='lat' dir='ltr'><strong>suadet</strong></span> <span class='ocrx_word' id='word_1_23' title='bbox 944 945 1033 1018; x_wconf 93' lang='lat' dir='ltr'><strong>bona</strong></span> <span class='ocrx_word' id='word_1_24' title='bbox 1050 953 1147 1032; x_wconf 75' lang='lat' dir='ltr'><strong>atas,</strong></span> <span class='ocrx_word' id='word_1_25' title='bbox 1161 947 1287 1036; x_wconf 84' lang='lat' dir='ltr'><strong>utitur,</strong></span> 
     </span>
     <span class='ocr_line' id='line_1_5' title="bbox 217 1067 1290 1168; baseline 0.003 -26"><span class='ocrx_word' id='word_1_26' title='bbox 217 1067 275 1143; x_wconf 91' lang='lat' dir='ltr'><strong>sed</strong></span> <span class='ocrx_word' id='word_1_27' title='bbox 288 1069 437 1157; x_wconf 88' lang='lat' dir='ltr'><strong>venustis</strong></span> <span class='ocrx_word' id='word_1_28' title='bbox 463 1078 497 1145; x_wconf 92' lang='lat' dir='ltr'><strong>et</strong></span> <span class='ocrx_word' id='word_1_29' title='bbox 516 1069 739 1166; x_wconf 85' lang='lat' dir='ltr'><strong>tempestivis,</strong></span> <span class='ocrx_word' id='word_1_30' title='bbox 766 1070 836 1144; x_wconf 85' lang='lat' dir='ltr'><strong>sive</strong></span> <span class='ocrx_word' id='word_1_31' title='bbox 860 1070 895 1142; x_wconf 94' lang='lat' dir='ltr'><strong>in</strong></span> <span class='ocrx_word' id='word_1_32' title='bbox 919 1070 1057 1166; x_wconf 85' lang='lat' dir='ltr'><strong>nuptias</strong></span> <span class='ocrx_word' id='word_1_33' title='bbox 1080 1094 1116 1146; x_wconf 91' lang='lat' dir='ltr'><strong>se</strong></span> <span class='ocrx_word' id='word_1_34' title='bbox 1140 1094 1162 1144; x_wconf 90' lang='lat' dir='ltr'><strong>a</strong></span> <span class='ocrx_word' id='word_1_35' title='bbox 1189 1080 1290 1168; x_wconf 89' lang='lat' dir='ltr'><strong>patre</strong></span> 
     </span>
    </p>
   </div>
   <div class='ocr_carea' id='block_1_3' title="bbox 217 1194 1289 1456">
    <p class='ocr_par' dir='ltr' id='par_1_3' title="bbox 217 1194 1289 1456">
     <span class='ocr_line' id='line_1_6' title="bbox 217 1194 610 1293; baseline -0.005 -24"><span class='ocrx_word' id='word_1_36' title='bbox 217 1194 343 1293; x_wconf 88' lang='lat' dir='ltr'><strong>conjici</strong></span> <span class='ocrx_word' id='word_1_37' title='bbox 361 1195 410 1270; x_wconf 92' lang='lat' dir='ltr'><strong>sic</strong></span> <span class='ocrx_word' id='word_1_38' title='bbox 423 1195 583 1292; x_wconf 86' lang='lat' dir='ltr'><strong>queritur</strong></span> <span class='ocrx_word' id='word_1_39' title='bbox 601 1220 610 1267; x_wconf 90' lang='lat'>:</span> 
     </span>
     <span class='ocr_line' id='line_1_7' title="bbox 937 1292 1196 1349; baseline 0.004 -2"><span class='ocrx_word' id='word_1_40' title='bbox 937 1292 1100 1348; x_wconf 79' lang='lat' dir='ltr'><strong>Praeterieris</strong></span> <span class='ocrx_word' id='word_1_41' title='bbox 1113 1292 1196 1349; x_wconf 91' lang='lat' dir='ltr'><strong>modo</strong></span> 
     </span>
     <span class='ocr_line' id='line_1_8' title="bbox 251 1380 1289 1456; baseline 0.001 -19"><span class='ocrx_word' id='word_1_42' title='bbox 251 1380 286 1437; x_wconf 87' lang='lat' dir='ltr'><strong>Mi</strong></span> <span class='ocrx_word' id='word_1_43' title='bbox 300 1381 372 1454; x_wconf 91' lang='lat' dir='ltr'><strong>apud</strong></span> <span class='ocrx_word' id='word_1_44' title='bbox 386 1381 494 1438; x_wconf 89' lang='lat' dir='ltr'><strong>forum:</strong></span> <span class='ocrx_word' id='word_1_45' title='bbox 513 1399 526 1436; x_wconf 72' lang='grc' dir='ltr'>ι</span> <span class='ocrx_word' id='word_1_46' title='bbox 541 1398 609 1438; x_wconf 84' lang='lat' dir='ltr'><strong>uxor</strong></span> <span class='ocrx_word' id='word_1_47' title='bbox 623 1380 672 1437; x_wconf 91' lang='lat' dir='ltr'><strong>tibi</strong></span> <span class='ocrx_word' id='word_1_48' title='bbox 689 1380 850 1450; x_wconf 86' lang='lat' dir='ltr'><strong>ducendast,</strong></span> <span class='ocrx_word' id='word_1_49' title='bbox 870 1380 1021 1454; x_wconf 89' lang='lat' dir='ltr'><strong>Pamphile,</strong></span> <span class='ocrx_word' id='word_1_50' title='bbox 1042 1381 1125 1438; x_wconf 89' lang='lat' dir='ltr'><strong>bodie</strong></span> <span class='ocrx_word' id='word_1_51' title='bbox 1146 1401 1172 1451; x_wconf 72' lang='lat' dir='ltr'><strong>s,</strong></span> <span class='ocrx_word' id='word_1_52' title='bbox 1187 1381 1289 1456; x_wconf 89' lang='lat' dir='ltr'><strong>inquit,</strong></span> 
     </span>
    </p>
   </div>
   <div class='ocr_carea' id='block_1_4' title="bbox 252 1473 1289 1633">
    <p class='ocr_par' dir='ltr' id='par_1_4' title="bbox 252 1473 1289 1633">
     <span class='ocr_line' id='line_1_9' title="bbox 1167 1489 1289 1527; baseline 0.016 -2"><span class='ocrx_word' id='word_1_53' title='bbox 1167 1490 1179 1525; x_wconf 75' lang='lat' dir='ltr'><strong>r</strong></span> <span class='ocrx_word' id='word_1_54' title='bbox 1217 1489 1289 1527; x_wconf 85' lang='lat' dir='ltr'><strong>ara:</strong></span> 
     </span>
     <span class='ocr_line' id='line_1_10' title="bbox 252 1473 1288 1633; baseline -0.002 -17"><span class='ocrx_word' id='word_1_55' title='bbox 252 1559 303 1616; x_wconf 86' lang='lat' dir='ltr'><strong>Abi</strong></span> <span class='ocrx_word' id='word_1_56' title='bbox 316 1560 435 1617; x_wconf 90' lang='lat' dir='ltr'><strong>domum.</strong></span> <span class='ocrx_word' id='word_1_57' title='bbox 454 1577 467 1614; x_wconf 84' lang='lat'>›</span> <span class='ocrx_word' id='word_1_58' title='bbox 484 1559 514 1615; x_wconf 90' lang='lat' dir='ltr'><strong>ld</strong></span> <span class='ocrx_word' id='word_1_59' title='bbox 529 1559 594 1615; x_wconf 92' lang='lat' dir='ltr'><strong>mihi</strong></span> <span class='ocrx_word' id='word_1_60' title='bbox 610 1559 697 1615; x_wconf 83' lang='lat' dir='ltr'><strong>visust</strong></span> <span class='ocrx_word' id='word_1_61' title='bbox 712 1559 823 1615; x_wconf 88' lang='lat' dir='ltr'><strong>dicere:</strong></span> <span class='ocrx_word' id='word_1_62' title='bbox 844 1578 857 1615; x_wconf 89' lang='lat'><strong>‹</strong></span> <span class='ocrx_word' id='word_1_63' title='bbox 873 1560 923 1616; x_wconf 89' lang='lat' dir='ltr'><strong>Abi</strong></span> <span class='ocrx_word' id='word_1_64' title='bbox 937 1561 992 1616; x_wconf 90' lang='lat' dir='ltr'><strong>cito</strong></span> <span class='ocrx_word' id='word_1_65' title='bbox 1006 1577 1038 1616; x_wconf 88' lang='lat' dir='ltr'><strong>ac</strong></span> <span class='ocrx_word' id='word_1_66' title='bbox 1053 1473 1240 1633; x_wconf 71' lang='lat' dir='ltr'><strong>suspenilepte</strong></span> <span class='ocrx_word' id='word_1_67' title='bbox 1258 1579 1288 1629; x_wconf 81' lang='lat'><strong>»3</strong></span> 
     </span>
    </p>
   </div>
   <div class='ocr_carea' id='block_1_5' title="bbox 217 1741 1293 1966">
    <p class='ocr_par' dir='ltr' id='par_1_5' title="bbox 217 1741 1293 1966">
     <span class='ocr_line' id='line_1_11' title="bbox 217 1741 1293 1841; baseline 0.002 -27"><span class='ocrx_word' id='word_1_68' title='bbox 217 1741 288 1816; x_wconf 88' lang='lat' dir='ltr'><strong>sive</strong></span> <span class='ocrx_word' id='word_1_69' title='bbox 309 1742 373 1814; x_wconf 91' lang='lat' dir='ltr'><strong>sibi</strong></span> <span class='ocrx_word' id='word_1_70' title='bbox 400 1741 552 1816; x_wconf 88' lang='lat' dir='ltr'><strong>oblatam</strong></span> <span class='ocrx_word' id='word_1_71' title='bbox 571 1742 624 1815; x_wconf 92' lang='lat' dir='ltr'><strong>vel</strong></span> <span class='ocrx_word' id='word_1_72' title='bbox 639 1741 751 1838; x_wconf 91' lang='lat' dir='ltr'><strong>potius</strong></span> <span class='ocrx_word' id='word_1_73' title='bbox 770 1741 966 1838; x_wconf 86' lang='lat' dir='ltr'><strong>impositam</strong></span> <span class='ocrx_word' id='word_1_74' title='bbox 988 1763 1131 1816; x_wconf 86' lang='lat' dir='ltr'><strong>uxorem</strong></span> <span class='ocrx_word' id='word_1_75' title='bbox 1154 1741 1293 1841; x_wconf 83' lang='lat' dir='ltr'><strong>aliquot</strong></span> 
     </span>
     <span class='ocr_line' id='line_1_12' title="bbox 219 1866 520 1966; baseline -0.01 -26"><span class='ocrx_word' id='word_1_76' title='bbox 219 1866 330 1941; x_wconf 89' lang='lat' dir='ltr'><strong>verbis</strong></span> <span class='ocrx_word' id='word_1_77' title='bbox 344 1866 497 1966; x_wconf 83' lang='lat' dir='ltr'><strong>depingit</strong></span> <span class='ocrx_word' id='word_1_78' title='bbox 512 1895 520 1936; x_wconf 92' lang='lat'><strong>:</strong></span> 
     </span>
    </p>
   </div>
   <div class='ocr_carea' id='block_1_6' title="bbox 288 2072 1183 2235">
    <p class='ocr_par' dir='ltr' id='par_1_6' title="bbox 288 2072 1183 2235">
     <span class='ocr_line' id='line_1_13' title="bbox 288 2072 1183 2147; baseline 0.001 -19"><span class='ocrx_word' id='word_1_79' title='bbox 288 2072 399 2146; x_wconf 86' lang='lat' dir='ltr'><strong>Aliquid</strong></span> <span class='ocrx_word' id='word_1_80' title='bbox 413 2073 528 2130; x_wconf 84' lang='lat' dir='ltr'><strong>monstri</strong></span> <span class='ocrx_word' id='word_1_81' title='bbox 544 2073 629 2130; x_wconf 87' lang='lat' dir='ltr'><strong>alunt.</strong></span> <span class='ocrx_word' id='word_1_82' title='bbox 646 2073 685 2130; x_wconf 83' lang='lat' dir='ltr'><strong>Ea</strong></span> <span class='ocrx_word' id='word_1_83' title='bbox 699 2072 830 2147; x_wconf 90' lang='lat' dir='ltr'><strong>quoniam</strong></span> <span class='ocrx_word' id='word_1_84' title='bbox 843 2072 944 2128; x_wconf 90' lang='lat' dir='ltr'><strong>nemini</strong></span> <span class='ocrx_word' id='word_1_85' title='bbox 958 2072 1066 2129; x_wconf 85' lang='lat' dir='ltr'><strong>obtrudi</strong></span> <span class='ocrx_word' id='word_1_86' title='bbox 1079 2079 1183 2146; x_wconf 88' lang='lat' dir='ltr'><strong>potest,</strong></span> 
     </span>
     <span class='ocr_line' id='line_1_14' title="bbox 289 2163 521 2235; baseline 0 -16"><span class='ocrx_word' id='word_1_87' title='bbox 289 2163 346 2219; x_wconf 90' lang='lat' dir='ltr'><strong>Itur</strong></span> <span class='ocrx_word' id='word_1_88' title='bbox 360 2164 394 2220; x_wconf 91' lang='lat' dir='ltr'><strong>ad</strong></span> <span class='ocrx_word' id='word_1_89' title='bbox 411 2181 455 2220; x_wconf 90' lang='lat' dir='ltr'><strong>me</strong></span> <span class='ocrx_word' id='word_1_90' title='bbox 471 2165 521 2235; x_wconf 86' lang='grc'>(1).</span> 
     </span>
    </p>
   </div>
   <div class='ocr_carea' id='block_1_7' title="bbox 219 2317 1293 2538">
    <p class='ocr_par' dir='ltr' id='par_1_7' title="bbox 219 2317 1293 2538">
     <span class='ocr_line' id='line_1_15' title="bbox 219 2317 1293 2414; baseline 0.002 -23"><span class='ocrx_word' id='word_1_91' title='bbox 219 2320 305 2408; x_wconf 76' lang='lat' dir='ltr'><strong>Qum</strong></span> <span class='ocrx_word' id='word_1_92' title='bbox 325 2317 457 2393; x_wconf 83' lang='lat' dir='ltr'><strong>facetiae</strong></span> <span class='ocrx_word' id='word_1_93' title='bbox 475 2339 517 2392; x_wconf 90' lang='lat' dir='ltr'><strong>ec</strong></span> <span class='ocrx_word' id='word_1_94' title='bbox 545 2317 712 2414; x_wconf 83' lang='lat' dir='ltr'><strong>gratiores</strong></span> <span class='ocrx_word' id='word_1_95' title='bbox 739 2341 808 2414; x_wconf 91' lang='lat' dir='ltr'><strong>que</strong></span> <span class='ocrx_word' id='word_1_96' title='bbox 834 2317 1088 2393; x_wconf 90' lang='lat' dir='ltr'><strong>verisimiliorcs</strong></span> <span class='ocrx_word' id='word_1_97' title='bbox 1107 2317 1293 2412; x_wconf 83' lang='lat' dir='ltr'><strong>videntur,</strong></span> 
     </span>
     <span class='ocr_line' id='line_1_16' title="bbox 220 2442 1145 2538; baseline 0.001 -22"><span class='ocrx_word' id='word_1_98' title='bbox 220 2465 357 2518; x_wconf 88' lang='lat' dir='ltr'><strong>neceas</strong></span> <span class='ocrx_word' id='word_1_99' title='bbox 374 2451 510 2517; x_wconf 91' lang='lat' dir='ltr'><strong>tantum</strong></span> <span class='ocrx_word' id='word_1_100' title='bbox 526 2443 664 2538; x_wconf 86' lang='lat' dir='ltr'><strong>toleras,</strong></span> <span class='ocrx_word' id='word_1_101' title='bbox 681 2442 753 2536; x_wconf 91' lang='lat' dir='ltr'><strong>sed,</strong></span> <span class='ocrx_word' id='word_1_102' title='bbox 773 2443 800 2517; x_wconf 92' lang='lat' dir='ltr'><strong>si</strong></span> <span class='ocrx_word' id='word_1_103' title='bbox 820 2442 946 2534; x_wconf 87' lang='lat' dir='ltr'><strong>absint,</strong></span> <span class='ocrx_word' id='word_1_104' title='bbox 961 2443 1145 2519; x_wconf 90' lang='lat' dir='ltr'><strong>desideres.</strong></span> 
     </span>
    </p>
   </div>
   <div class='ocr_carea' id='block_1_8' title="bbox 721 2772 787 2864">
    <p class='ocr_par' dir='ltr' id='par_1_8' title="bbox 721 2772 787 2864">
     <span class='ocr_line' id='line_1_17' title="bbox 721 2772 787 2864; baseline 0 0"><span class='ocrx_word' id='word_1_105' title='bbox 721 2772 787 2864; x_wconf 93' lang='lat'><strong>111</strong></span> 
     </span>
    </p>
   </div>
   <div class='ocr_carea' id='block_1_9' title="bbox 223 3017 1297 4135">
    <p class='ocr_par' dir='ltr' id='par_1_9' title="bbox 223 3017 1297 4135">
     <span class='ocr_line' id='line_1_18' title="bbox 272 3017 1295 3124; baseline -0.001 -21"><span class='ocrx_word' id='word_1_106' title='bbox 272 3030 400 3104; x_wconf 89' lang='lat' dir='ltr'><strong>Causas</strong></span> <span class='ocrx_word' id='word_1_107' title='bbox 419 3050 473 3101; x_wconf 92' lang='lat' dir='ltr'><strong>me</strong></span> <span class='ocrx_word' id='word_1_108' title='bbox 488 3026 717 3124; x_wconf 89' lang='lat' dir='ltr'><strong>quaesiturum</strong></span> <span class='ocrx_word' id='word_1_109' title='bbox 741 3017 804 3099; x_wconf 89' lang='lat' dir='ltr'><strong>cur</strong></span> <span class='ocrx_word' id='word_1_110' title='bbox 822 3032 959 3098; x_wconf 90' lang='lat' dir='ltr'><strong>tantum</strong></span> <span class='ocrx_word' id='word_1_111' title='bbox 976 3025 1067 3100; x_wconf 92' lang='lat' dir='ltr'><strong>inter</strong></span> <span class='ocrx_word' id='word_1_112' title='bbox 1077 3047 1112 3100; x_wconf 90' lang='lat' dir='ltr'><strong>se</strong></span> <span class='ocrx_word' id='word_1_113' title='bbox 1127 3024 1295 3102; x_wconf 86' lang='lat' dir='ltr'><strong>differant</strong></span> 
     </span>
     <span class='ocr_line' id='line_1_19' title="bbox 223 3149 1295 3251; baseline 0.001 -24"><span class='ocrx_word' id='word_1_114' title='bbox 223 3153 371 3227; x_wconf 82' lang='lat' dir='ltr'><strong>Plautini</strong></span> <span class='ocrx_word' id='word_1_115' title='bbox 386 3151 626 3228; x_wconf 87' lang='lat' dir='ltr'><strong>etTerentiani</strong></span> <span class='ocrx_word' id='word_1_116' title='bbox 643 3151 877 3225; x_wconf 89' lang='lat' dir='ltr'><strong>adolescentes</strong></span> <span class='ocrx_word' id='word_1_117' title='bbox 893 3149 959 3225; x_wconf 93' lang='lat' dir='ltr'><strong>boc</strong></span> <span class='ocrx_word' id='word_1_118' title='bbox 974 3150 1127 3248; x_wconf 90' lang='lat' dir='ltr'><strong>primum</strong></span> <span class='ocrx_word' id='word_1_119' title='bbox 1144 3153 1295 3251; x_wconf 91' lang='lat' dir='ltr'><strong>impedit</strong></span> 
     </span>
     <span class='ocr_line' id='line_1_20' title="bbox 224 3274 1296 3376; baseline 0 -24"><span class='ocrx_word' id='word_1_120' title='bbox 224 3277 316 3376; x_wconf 90' lang='lat' dir='ltr'><strong>quod</strong></span> <span class='ocrx_word' id='word_1_121' title='bbox 336 3277 439 3351; x_wconf 93' lang='lat' dir='ltr'><strong>ambo</strong></span> <span class='ocrx_word' id='word_1_122' title='bbox 463 3285 572 3374; x_wconf 86' lang='lat' dir='ltr'><strong>poetae</strong></span> <span class='ocrx_word' id='word_1_123' title='bbox 598 3276 631 3349; x_wconf 94' lang='lat' dir='ltr'><strong>in</strong></span> <span class='ocrx_word' id='word_1_124' title='bbox 656 3276 803 3349; x_wconf 90' lang='lat' dir='ltr'><strong>latinum</strong></span> <span class='ocrx_word' id='word_1_125' title='bbox 830 3274 963 3350; x_wconf 86' lang='lat' dir='ltr'><strong>fabulas</strong></span> <span class='ocrx_word' id='word_1_126' title='bbox 984 3300 1114 3375; x_wconf 71' lang='lat' dir='ltr'><strong>grecas</strong></span> <span class='ocrx_word' id='word_1_127' title='bbox 1134 3284 1296 3352; x_wconf 72' lang='lat' dir='ltr'><strong>vertunt?</strong></span> 
     </span>
     <span class='ocr_line' id='line_1_21' title="bbox 224 3401 1296 3500; baseline 0 -22"><span class='ocrx_word' id='word_1_128' title='bbox 224 3406 314 3478; x_wconf 93' lang='lat' dir='ltr'><strong>Num</strong></span> <span class='ocrx_word' id='word_1_129' title='bbox 345 3402 533 3500; x_wconf 91' lang='lat' dir='ltr'><strong>petendum</strong></span> <span class='ocrx_word' id='word_1_130' title='bbox 562 3401 663 3475; x_wconf 89' lang='lat' dir='ltr'><strong>altius</strong></span> <span class='ocrx_word' id='word_1_131' title='bbox 687 3402 734 3475; x_wconf 91' lang='lat' dir='ltr'><strong>rei</strong></span> <span class='ocrx_word' id='word_1_132' title='bbox 767 3401 1043 3476; x_wconf 88' lang='lat' dir='ltr'><strong>demonstrandae</strong></span> <span class='ocrx_word' id='word_1_133' title='bbox 1073 3403 1221 3490; x_wconf 90' lang='lat' dir='ltr'><strong>initium,</strong></span> <span class='ocrx_word' id='word_1_134' title='bbox 1260 3412 1296 3478; x_wconf 93' lang='lat' dir='ltr'><strong>et</strong></span> 
     </span>
     <span class='ocr_line' id='line_1_22' title="bbox 226 3526 1295 3628; baseline 0 -24"><span class='ocrx_word' id='word_1_135' title='bbox 226 3529 329 3628; x_wconf 79' lang='lat' dir='ltr'><strong>graeci</strong></span> <span class='ocrx_word' id='word_1_136' title='bbox 345 3529 538 3626; x_wconf 79' lang='lat' dir='ltr'><strong>scriptores,</strong></span> <span class='ocrx_word' id='word_1_137' title='bbox 561 3551 629 3603; x_wconf 90' lang='lat' dir='ltr'><strong>nen</strong></span> <span class='ocrx_word' id='word_1_138' title='bbox 644 3550 765 3602; x_wconf 89' lang='lat' dir='ltr'><strong>eorum</strong></span> <span class='ocrx_word' id='word_1_139' title='bbox 787 3526 883 3600; x_wconf 89' lang='lat' dir='ltr'><strong>latini</strong></span> <span class='ocrx_word' id='word_1_140' title='bbox 904 3529 1120 3626; x_wconf 89' lang='lat' dir='ltr'><strong>interpretes,</strong></span> <span class='ocrx_word' id='word_1_141' title='bbox 1147 3530 1237 3604; x_wconf 87' lang='lat' dir='ltr'><strong>inter</strong></span> <span class='ocrx_word' id='word_1_142' title='bbox 1257 3553 1295 3604; x_wconf 93' lang='lat' dir='ltr'><strong>se</strong></span> 
     </span>
     <span class='ocr_line' id='line_1_23' title="bbox 227 3651 1296 3752; baseline -0.003 -21"><span class='ocrx_word' id='word_1_143' title='bbox 227 3653 452 3752; x_wconf 88' lang='lat' dir='ltr'><strong>comparandi</strong></span> <span class='ocrx_word' id='word_1_144' title='bbox 469 3660 572 3727; x_wconf 82' lang='lat' dir='ltr'><strong>sunt?</strong></span> <span class='ocrx_word' id='word_1_145' title='bbox 597 3655 639 3727; x_wconf 81' lang='lat' dir='ltr'><strong>At</strong></span> <span class='ocrx_word' id='word_1_146' title='bbox 661 3652 832 3750; x_wconf 90' lang='lat' dir='ltr'><strong>quemodo</strong></span> <span class='ocrx_word' id='word_1_147' title='bbox 849 3651 982 3729; x_wconf 85' lang='lat' dir='ltr'><strong>fabulas</strong></span> <span class='ocrx_word' id='word_1_148' title='bbox 999 3677 1177 3751; x_wconf 89' lang='lat' dir='ltr'><strong>compares</strong></span> <span class='ocrx_word' id='word_1_149' title='bbox 1199 3678 1296 3752; x_wconf 89' lang='lat' dir='ltr'><strong>qua-</strong></span> 
     </span>
     <span class='ocr_line' id='line_1_24' title="bbox 229 3778 1295 3877; baseline -0.002 -23"><span class='ocrx_word' id='word_1_150' title='bbox 229 3805 308 3855; x_wconf 96' lang='lat' dir='ltr'><strong>rum</strong></span> <span class='ocrx_word' id='word_1_151' title='bbox 330 3780 431 3877; x_wconf 88' lang='lat' dir='ltr'><strong>pauci</strong></span> <span class='ocrx_word' id='word_1_152' title='bbox 451 3803 581 3869; x_wconf 86' lang='lat' dir='ltr'><strong>versus,</strong></span> <span class='ocrx_word' id='word_1_153' title='bbox 614 3786 673 3853; x_wconf 92' lang='lat' dir='ltr'><strong>aut</strong></span> <span class='ocrx_word' id='word_1_154' title='bbox 699 3778 761 3852; x_wconf 90' lang='lat' dir='ltr'><strong>seli</strong></span> <span class='ocrx_word' id='word_1_155' title='bbox 783 3778 887 3867; x_wconf 82' lang='lat' dir='ltr'><strong>tituli,</strong></span> <span class='ocrx_word' id='word_1_156' title='bbox 915 3781 1102 3854; x_wconf 88' lang='lat' dir='ltr'><strong>autetiam</strong></span> <span class='ocrx_word' id='word_1_157' title='bbox 1129 3803 1174 3855; x_wconf 91' lang='lat' dir='ltr'><strong>ne</strong></span> <span class='ocrx_word' id='word_1_158' title='bbox 1203 3780 1295 3854; x_wconf 91' lang='lat' dir='ltr'><strong>tituli</strong></span> 
     </span>
     <span class='ocr_line' id='line_1_25' title="bbox 229 3903 1297 4004; baseline 0 -24"><span class='ocrx_word' id='word_1_159' title='bbox 229 3906 369 4004; x_wconf 86' lang='lat' dir='ltr'><strong>quidem</strong></span> <span class='ocrx_word' id='word_1_160' title='bbox 385 3909 589 4003; x_wconf 73' lang='lat' dir='ltr'><strong>supersunt?</strong></span> <span class='ocrx_word' id='word_1_161' title='bbox 607 3905 696 3977; x_wconf 92' lang='lat' dir='ltr'><strong>Num</strong></span> <span class='ocrx_word' id='word_1_162' title='bbox 716 3904 798 4000; x_wconf 89' lang='lat' dir='ltr'><strong>qnia</strong></span> <span class='ocrx_word' id='word_1_163' title='bbox 812 3903 961 3981; x_wconf 89' lang='lat' dir='ltr'><strong>diversos</strong></span> <span class='ocrx_word' id='word_1_164' title='bbox 974 3913 1091 4002; x_wconf 90' lang='lat' dir='ltr'><strong>poetas</strong></span> <span class='ocrx_word' id='word_1_165' title='bbox 1104 3905 1246 3980; x_wconf 89' lang='lat' dir='ltr'><strong>Plautus</strong></span> <span class='ocrx_word' id='word_1_166' title='bbox 1260 3915 1297 3980; x_wconf 92' lang='lat' dir='ltr'><strong>et</strong></span> 
     </span>
     <span class='ocr_line' id='line_1_26' title="bbox 230 4029 1297 4135; baseline 0 -29"><span class='ocrx_word' id='word_1_167' title='bbox 230 4032 411 4135; x_wconf 84' lang='lat' dir='ltr'><strong>Terentius</strong></span> <span class='ocrx_word' id='word_1_168' title='bbox 426 4053 516 4128; x_wconf 81' lang='lat' dir='ltr'><strong>saepe</strong></span> <span class='ocrx_word' id='word_1_169' title='bbox 543 4030 722 4104; x_wconf 92' lang='lat' dir='ltr'><strong>imitantur</strong></span> <span class='ocrx_word' id='word_1_170' title='bbox 744 4029 809 4127; x_wconf 67' lang='lat' dir='ltr'><strong>(d),</strong></span> <span class='ocrx_word' id='word_1_171' title='bbox 841 4029 1019 4106; x_wconf 91' lang='lat' dir='ltr'><strong>dissimiles</strong></span> <span class='ocrx_word' id='word_1_172' title='bbox 1041 4040 1122 4106; x_wconf 93' lang='lat' dir='ltr'><strong>sunt</strong></span> <span class='ocrx_word' id='word_1_173' title='bbox 1140 4032 1297 4106; x_wconf 88' lang='lat' dir='ltr'><strong>moribus</strong></span> 
     </span>
    </p>
   </div>
   <div class='ocr_carea' id='block_1_10' title="bbox 232 4208 1298 4432">
    <p class='ocr_par' dir='ltr' id='par_1_10' title="bbox 232 4208 1298 4432">
     <span class='ocr_line' id='line_1_27' title="bbox 266 4208 478 4258; baseline 0.009 -2"><span class='ocrx_word' id='word_1_174' title='bbox 266 4208 284 4256; x_wconf 89' lang='lat' dir='ltr'><strong>&#39;l</strong></span> <span class='ocrx_word' id='word_1_175' title='bbox 314 4208 392 4258; x_wconf 83' lang='lat' dir='ltr'><strong>Andr.</strong></span> <span class='ocrx_word' id='word_1_176' title='bbox 420 4210 429 4257; x_wconf 94' lang='lat' dir='ltr'><strong>l</strong></span> <span class='ocrx_word' id='word_1_177' title='bbox 454 4208 478 4258; x_wconf 82' lang='lat'><strong>5.</strong></span> 
     </span>
     <span class='ocr_line' id='line_1_28' title="bbox 262 4210 1297 4354; baseline 0.005 -17"><span class='ocrx_word' id='word_1_178' title='bbox 262 4210 297 4354; x_wconf 66' lang='lat' dir='ltr'><strong>iti</strong></span> <span class='ocrx_word' id='word_1_179' title='bbox 315 4289 384 4349; x_wconf 81' lang='lat' dir='ltr'><strong>Quod</strong></span> <span class='ocrx_word' id='word_1_180' title='bbox 398 4244 572 4337; x_wconf 49' lang='lat' dir='ltr'><strong>iad’Plautinas</strong></span> <span class='ocrx_word' id='word_1_181' title='bbox 589 4288 685 4336; x_wconf 80' lang='lat' dir='ltr'><strong>tabulas</strong></span> <span class='ocrx_word' id='word_1_182' title='bbox 701 4288 789 4338; x_wconf 87' lang='lat' dir='ltr'><strong>attinet</strong></span> <span class='ocrx_word' id='word_1_183' title='bbox 805 4287 932 4352; x_wconf 89' lang='lat' dir='ltr'><strong>inquibus</strong></span> <span class='ocrx_word' id='word_1_184' title='bbox 947 4290 1139 4341; x_wconf 83' lang='lat' dir='ltr'><strong>adolescentium</strong></span> <span class='ocrx_word' id='word_1_185' title='bbox 1158 4296 1297 4342; x_wconf 86' lang='lat' dir='ltr'><strong>amatorum</strong></span> 
     </span>
     <span class='ocr_line' id='line_1_29' title="bbox 232 4369 1298 4432; baseline 0.003 -13"><span class='ocrx_word' id='word_1_186' title='bbox 232 4384 313 4419; x_wconf 82' lang='lat' dir='ltr'><strong>mores</strong></span> <span class='ocrx_word' id='word_1_187' title='bbox 329 4369 487 4431; x_wconf 81' lang='lat' dir='ltr'><strong>inspeximus,</strong></span> <span class='ocrx_word' id='word_1_188' title='bbox 504 4379 546 4417; x_wconf 69' lang='lat' dir='ltr'><strong>aaut</strong></span> <span class='ocrx_word' id='word_1_189' title='bbox 560 4373 654 4417; x_wconf 84' lang='lat' dir='ltr'><strong>eertum</strong></span> <span class='ocrx_word' id='word_1_190' title='bbox 663 4379 705 4418; x_wconf 90' lang='lat' dir='ltr'><strong>aut</strong></span> <span class='ocrx_word' id='word_1_191' title='bbox 714 4370 841 4432; x_wconf 86' lang='lat' dir='ltr'><strong>probabile</strong></span> <span class='ocrx_word' id='word_1_192' title='bbox 852 4371 957 4420; x_wconf 90' lang='lat' dir='ltr'><strong>habetur</strong></span> <span class='ocrx_word' id='word_1_193' title='bbox 973 4375 1025 4420; x_wconf 83' lang='lat' dir='ltr'><strong>tres</strong></span> <span class='ocrx_word' id='word_1_194' title='bbox 1038 4386 1053 4422; x_wconf 89' lang='lat' dir='ltr'><strong>a</strong></span> <span class='ocrx_word' id='word_1_195' title='bbox 1069 4373 1202 4423; x_wconf 82' lang='lat' dir='ltr'><strong>Menandro</strong></span> <span class='ocrx_word' id='word_1_196' title='bbox 1215 4376 1298 4424; x_wconf 66' lang='lat' dir='ltr'><strong>trane</strong></span> 
     </span>
    </p>
   </div>
   <div class='ocr_carea' id='block_1_11' title="bbox 0 0 1542 5266">
    <p class='ocr_par' dir='ltr' id='par_1_11' title="bbox 0 0 1542 5266">
     <span class='ocr_line' id='line_1_30' title="bbox 0 0 1542 5266; baseline 0 0"><span class='ocrx_word' id='word_1_197' title='bbox 0 0 1542 5266; x_wconf 95' lang='lat' dir='ltr'><strong> </strong></span> 
     </span>
    </p>
   </div>
  </div>
 </body>
</html>
