3030 5266
732 551 770 612 nu
792 588 830 594 -

220 688 408 786 quomodo,
433 687 598 785 Chryside
629 696 778 778 mortua,
808 711 879 764 rem
906 687 1052 776 noverit,
1072 696 1286 776 memores,

220 814 363 888 honesto
392 812 524 908 pudore
553 835 663 908 nuper
678 812 836 899 latentes,
859 835 952 887 nuno
971 811 1094 887 ardore
1109 811 1288 889 immode-

218 947 293 1015 rato
304 937 458 1035 proditos
469 936 749 1035 deprehenderit.
766 937 925 1035 Optimus
937 938 1031 1013 enim
1045 937 1156 1028 Simo,
1172 961 1289 1035 qnunr

217 1086 319 1138 suurn
349 1062 460 1137 lilium
488 1062 704 1138 solummodo
731 1063 776 1138 oh
801 1063 975 1164 Chrysidis
993 1072 1142 1139 mortem
1167 1062 1290 1137 dolere

217 1187 374 1263 crederet
397 1195 518 1263 ettam
548 1188 741 1262 humanum
767 1187 946 1287 ingenium
974 1186 1143 1276 laudaret,
1178 1187 1292 1261 voluit

217 1312 288 1411 ipse
306 1313 339 1387 in
360 1312 464 1388 lunus
480 1313 642 1411 prodire:

289 1517 423 1575 Eclertur.
437 1519 520 1575 lmus.
535 1520 642 1575 lnterea
655 1519 727 1575 inter
742 1519 882 1588 mulieres,

289 1607 355 1673 Quae
367 1607 404 1664 ihi
419 1608 540 1676 aderant,
553 1607 624 1665 lorte
638 1625 720 1665 unam
734 1607 835 1682 aspicio
850 1607 1090 1674 adulescentulam,
1148 1606 1150 1611 ’

291 1697 401 1757 Forma.
413 1739 418 1751 .
430 1737 436 1749 .

290 1813 380 1870 Sosin.
396 1847 432 1854 —
447 1814 521 1870 Bona
535 1815 660 1872 fortasse.

478 1934 482 1944 '
529 1931 606 1988 Srno.
623 1964 656 1974 —
672 1932 705 1989 Et
717 1931 802 2001 voltu,
817 1932 905 1999 Sosia,

290 2022 363 2078 Adeo
378 2022 514 2090 modesto,
530 2021 598 2079 adeo
613 2030 738 2090 venusto,
754 2031 783 2077 ut
799 2021 835 2078 nil
852 2038 943 2095 supra.

291 2112 358 2175 Qum
372 2128 455 2185 quom
471 2111 538 2167 milri
553 2111 696 2168 lamentari
711 2119 811 2186 praeter
823 2119 928 2168 ceteras

290 2201 389 2270 visast,
406 2210 432 2257 et
447 2202 512 2274 quia
525 2209 583 2258 erat
597 2202 685 2258 lorma
697 2213 798 2276 prrater
810 2209 916 2257 ceteras

292 2290 411 2347 Honesta
426 2308 458 2346 ac
473 2290 592 2358 liherali,
608 2291 708 2348 accedo
724 2290 758 2347 ad
774 2291 945 2364 pedisequas,

290 2381 354 2444 Quae
370 2379 405 2435 sit
420 2397 497 2452 rogo.
514 2382 640 2437 Sororem
654 2398 714 2437 esse
728 2383 803 2438 aiunt
815 2380 961 2454 Chrysidis.

289 2468 427 2525 Percussit
440 2468 503 2525 ilico
517 2469 646 2526 animum.
662 2472 734 2527 rlttat
749 2470 800 2526 hoc
816 2470 884 2525 illud
899 2480 949 2538 est,

289 2556 357 2612 hinc
367 2555 422 2612 illue
432 2555 573 2626 lacrumae,
585 2558 643 2614 lucc
653 2558 723 2614 illast
734 2558 931 2615 misericordia.

218 2675 305 2730 Sosrn.
319 2671 452 2736 -Quam
464 2672 548 2729 timeo
561 2690 690 2745 quorsum
704 2674 813 2730 evadas!

698 2783 754 2838 Sto.
771 2815 806 2822 —
822 2782 912 2840 Funus
927 2782 1036 2840 interint

289 2870 429 2942 l’rocedit;
446 2873 597 2946 sequimur.
615 2873 654 2928 hd
669 2873 825 2948 sepulcrum
840 2873 981 2931 venimus:

290 2961 320 3017 ln
335 2963 427 3035 ignom
442 2962 602 3037 inpositast:
619 2963 708 3019 lletnr.
725 2964 831 3020 Interea
845 2964 903 3020 haec
917 2980 1004 3034 soror,

285 3053 371 3114 Quam
385 3051 449 3120 diri,
465 3052 498 3108 ad
511 3053 636 3109 hamman
651 3053 765 3109 accessit
778 3053 979 3126 inprudentius,

290 3140 360 3196 Satis
376 3157 439 3196 cum
453 3140 567 3214 periclo.
584 3140 624 3197 lhi
637 3149 695 3198 tum
707 3142 876 3199 exanimatus
891 3143 1045 3219 Pamphilus

291 3231 363 3287 liene
376 3229 575 3287 dissimulatum
588 3248 708 3288 amorem
719 3242 745 3290 et
758 3233 874 3290 celatum
887 3234 1005 3291 indicat:

291 3319 434 3388 hdcurrit;
448 3320 566 3377 mediam
579 3322 722 3378 mulierem
735 3321 940 3395 complectitur:
1018 3337 1021 3348 ’

292 3427 305 3462 a
323 3409 383 3466 llea
398 3409 549 3484 Glycerium
565 3429 591 3481 a,
607 3406 705 3485 inquit,
724 3432 736 3466 r
753 3411 819 3486 quid
833 3412 914 3486 agis?
928 3430 998 3486 quor
1012 3421 1039 3470 te
1054 3414 1077 3471 is
1092 3415 1255 3488 perditum?
1271 3436 1283 3472 r

289 3499 357 3555 Tum
372 3498 429 3568 illa,
445 3507 481 3556 ut'
490 3509 650 3558 consuetum
663 3501 744 3559 facile
759 3518 881 3558 amorem
896 3519 1035 3572 cerneres,

292 3589 396 3662 lley'ecit
408 3607 437 3646 se
449 3589 477 3646 in
491 3607 554 3646 eum
569 3591 638 3646 flens
651 3608 730 3664 quarn
745 3591 916 3649 familiariter
930 3594 971 3666 (l)

267 3763 463 3836 Osuavom
493 3761 760 3838 adolescentium
789 3765 1058 3861 imprudentiam
1088 3790 1151 3842 ncc
1176 3769 1285 3844 turha

220 3887 438 3962 circumfusae
453 3911 517 3963 nec
537 3888 642 3986 patris
654 3888 816 3963 adstantis
831 3890 1101 3985 recordantium,
1118 3902 1152 3969 et
1168 3896 1286 3968 occul-

253 4099 286 4164 (l)
304 4096 410 4159 rltnlriu,
420 4103 439 4162 1,
449 4102 471 4151 l.
482 4105 548 4152 ltanc
559 4105 659 4167 longam
671 4103 778 4154 Simonis
792 4106 965 4167 narrationem,
974 4112 1001 4156 ut
1016 4111 1081 4158 recte
1096 4113 1214 4158 moratam
1222 4112 1286 4160 etad

222 4183 418 4241 persuadendum
433 4184 541 4232 maximo
556 4187 774 4247 accommodatam,
790 4187 873 4236 laudat
887 4188 986 4237 Cicero:
1002 4207 1012 4233 u
1030 4189 1109 4238 Mores
1123 4191 1287 4241 adolescentis

224 4262 308 4323 ipsius,
324 4268 348 4310 ot
361 4262 456 4312 servilis
468 4266 628 4325 percontatio,
643 4281 708 4317 mors
722 4267 855 4333 Chrysidis,
870 4268 951 4319 vultus
964 4272 988 4318 et
1002 4269 1089 4329 torma,
1105 4276 1129 4320 et
1140 4272 1285 4322 lamentatio

221 4343 320 4400 suroris,
334 4343 436 4404 reliquo,
450 4346 560 4406 pervarie
570 4346 725 4410 jucrrndcquc
741 4355 878 4397 narrantur.
895 4366 904 4393 n
922 4348 966 4412 (Dc
981 4352 1087 4409 oratore,
1103 4351 1132 4404 ΙΙ.
1148 4351 1198 4415 80.)
