3030 5266
670 554 831 616 „78-

216 701 250 768 et
262 714 340 766 suas
359 690 507 777 fabulas,
527 690 666 785 integra
682 696 769 775 arte,
784 688 858 761 siue
873 686 989 760 fructu
1003 685 1142 776 cadere,
1158 706 1289 782 quam,

216 825 393 914 corrupta,
410 838 489 889 cum
507 836 632 912 magno
646 815 743 887 lucro
757 822 848 888 stare
868 813 1022 908 mavult(
1048 812 1073 908 l.

166 944 171 950 ’
266 944 383 1031 Quum
405 948 584 1036 tantopere
602 949 701 1013 curet
719 937 803 1035 quid
821 937 864 1012 de
882 939 952 1011 suis
971 938 1133 1034 operibus
1151 938 1283 1036 judicet

219 1090 290 1142 non
305 1067 413 1164 quivis
425 1089 512 1139 unus
526 1087 545 1139 e
560 1064 701 1161 populo,
718 1062 777 1137 sed
791 1063 1021 1161 intelligentes
1034 1063 1283 1138 existimatores

220 1191 328 1289 magis
353 1190 500 1265 indiam
524 1189 643 1263 litteris
670 1188 790 1286 graecis
815 1187 955 1276 eruditi,
985 1187 1051 1261 boc
1075 1187 1188 1283 potius
1221 1187 1283 1260 sibi

218 1316 311 1390 laudi
327 1338 432 1414 quam
449 1314 690 1411 vituperationi
715 1313 821 1388 babet
847 1313 940 1411 quod
961 1311 1124 1387 credatur
1142 1335 1162 1386 a
1181 1313 1284 1388 Latio

220 1452 254 1516 et
266 1441 425 1537 Scipione
441 1439 669 1513 inscribendo
684 1438 848 1536 adjutori,
864 1461 928 1513 uec
944 1438 1144 1535 opinionem
1159 1438 1285 1512 et-viris

221 1566 439 1663 amplissimis
453 1574 487 1639 et
504 1564 568 1637 sibi
586 1573 721 1662 gratam
740 1565 898 1639 minuere
914 1565 1036 1637 nititur
1051 1565 1115 1662 (2).
1140 1567 1171 1637 ls
1194 1565 1284 1638 eninr

223 1700 274 1765 est
299 1691 587 1765 Terentianarum
621 1712 847 1786 personarum
874 1712 987 1765 sermo
1010 1689 1109 1787 cujus
1139 1688 1287 1762 brevitas

223 1839 264 1890 ac
284 1817 377 1912 lepos
392 1815 559 1912 exquisito
582 1824 718 1888 tantum
741 1814 879 1913 ingenio
897 1815 1041 1888 inveniri
1064 1815 1208 1911 possint,
1231 1815 1289 1888 bo·

226 1941 426 2038 mirumque
455 1941 734 2037 politissimorum
762 1939 903 2014 auribus
936 1940 1088 2036 placere,
1129 1947 1165 2013 et
1195 1950 1289 2014 recte

225 2068 358 2164 scripsit
388 2067 583 2165 Montaipne
626 2089 807 2141 secernens
846 2089 867 2138 a
896 2067 1017 2140 Plauto
1051 2065 1287 2163 Terentium:

232 2223 247 2261 (ε
268 2193 450 2290 Cettuy·cy
464 2200 540 2267 sent
551 2192 628 2266 bien
643 2192 772 2267 mieulx
786 2214 847 2266 son
862 2191 1111 2290 gentilbomme
1126 2191 1194 2289 (3).
1209 2221 1226 2260 »
1248 2192 1292 2265 Ut

227 2318 459 2393 adolescentes
494 2327 627 2391 tantum
661 2319 819 2415 exemplo
855 2341 1042 2407 assumam,
1078 2316 1158 2390 audi
1187 2341 1292 2415 quam

227 2453 370 2518 venusta
382 2443 548 2518 brevitate
561 2443 713 2518 Chareae
735 2443 901 2518 Thaidem
919 2443 1092 2517 extollenti
1113 2443 1290 2530 Phaedria,

227 2569 332 2667 hujus
346 2568 536 2643 meretricis
549 2577 695 2660 amator,
717 2568 945 2665 respondeat:
970 2597 985 2636 r
1000 2568 1083 2641 Mihi
1100 2569 1194 2641 illam
1211 2569 1293 2642 lau-

228 2694 289 2768 das
320 2692 428 2790 (lello
461 2694 547 2767 ltem
579 2694 730 2768 Charino
767 2693 936 2791 roganti:
975 2693 1121 2769 «Hodie
1148 2717 1295 2769 uxorem

265 2980 298 3044 (ll
316 2982 428 3030 Caecilius
436 2984 460 3030 et
469 2981 519 3045 ipse
531 2983 692 3044 spectantium
702 2982 800 3032 fastidia
812 2996 898 3044 passus
909 2986 947 3031 est
962 2982 1026 3046 (vide
1035 2982 1134 3046 Hespe,
1145 2985 1241 3047 prolog.
1255 2984 1297 3046 ll),

234 3065 276 3112 sed
296 3077 344 3111 non
366 3068 465 3127 propter
484 3065 598 3112 decorum
616 3065 756 3128 religiosius
773 3069 903 3122 servatum,
918 3068 946 3113 ut
960 3064 1047 3126 conjici
1065 3068 1147 3125 potest
1163 3078 1177 3112 e
1191 3064 1299 3113 miuricis

232 3142 329 3190 facetiis
343 3157 402 3203 quas
417 3143 443 3191 in
456 3143 541 3192 Plocio
555 3145 711 3192 blenan‘dreis
722 3145 842 3202 versibus,
854 3147 881 3192 nt
892 3144 962 3192 Gellii
975 3145 1050 3193 verbo
1064 3148 1128 3203 utar,
1142 3144 1280 3193 inculcavit
1293 3161 1298 3191 :

388 3278 436 3326 Sed
451 3280 493 3324 tna
507 3289 637 3324 morosane
653 3291 722 3336 uxor,
736 3292 830 3339 quaeso,
845 3278 905 3327 est‘?
918 3307 949 3315 -
964 3278 1031 3328 Vah!
1046 3262 1139 3342 rogas?
1155 3306 1184 3314 -

383 3384 414 3392 -
429 3357 474 3416 Qui
489 3356 609 3406 tandern‘.l
624 3385 654 3392 -
668 3359 751 3406 Taedet
767 3359 910 3419 mentionis,
924 3374 980 3421 quae
992 3360 1053 3408 mihi

385 3437 430 3486 Ubi
445 3439 545 3486 domurn
561 3439 647 3486 adveni
663 3452 690 3485 ac
707 3438 770 3498 sedi,
786 3441 908 3501 externplo
922 3442 1016 3490 savium

387 3517 432 3564 Dat
443 3516 528 3579 jejuna
542 3517 633 3565 anima.
650 3544 680 3552 -
696 3517 735 3565 Nil
748 3523 837 3581 peccat
849 3520 881 3567 dc
895 3521 979 3569 savio:

386 3596 418 3645 Ut
431 3597 545 3644 devemus
557 3598 607 3645 volt
620 3598 685 3658 quod
697 3597 758 3645 loris
773 3599 904 3659 potaveris.

465 3701 602 3764 (Plocium,
620 3705 707 3767 fragm.
728 3706 763 3765 113
779 3706 835 3754 vide
851 3707 907 3755 Otto
923 3707 1043 3766 Ribbeck,
1055 3707 1212 3760 Gorntcoram
1229 3708 1303 3772 frap-

494 3785 590 3844 menta,
603 3783 717 3836 Goeciltas
728 3784 833 3837 Statius.
850 3813 879 3821 -
897 3786 998 3848 Gellius,
1013 3787 1085 3840 Noct.
1100 3788 1189 3849 Attia,
1203 3790 1235 3850 11,
1248 3789 1301 3854 13.)

265 3933 276 3962 α
293 3916 355 3966 Illud
372 3918 501 3966 Menandri
520 3918 551 3965 de
564 3918 616 3966 vita
629 3919 756 3968 bominum
770 3919 852 3969 media
866 3926 991 3984 sumptum
1006 3924 1109 3987 simplex
1128 3932 1153 3975 et
1171 3941 1258 3975 verum
1277 3933 1304 3977 et

233 3996 377 4045 delectabile
395 4015 417 4056 v,
433 3998 497 4059 quod
514 3998 605 4048 Gellius
622 4012 637 4045 a
653 3999 751 4048 Gaecilio
768 4001 859 4049 frustra
876 4001 991 4062 requirit,
1009 4019 1128 4066 nusquam
1145 4006 1171 4054 in
1187 4007 1303 4057 Terentio

234 4076 368 4126 desideras.

266 4156 300 4221 (1)
317 4156 376 4218 Aa,
394 4161 489 4222 Prolog.

266 4235 300 4301 (3)
318 4236 409 4296 Essois,
422 4239 453 4298 ll,
468 4238 505 4287 10.

267 4316 299 4382 (l)
318 4317 394 4376 llam,
408 4319 435 4377 v,
449 4317 472 4366 8.
