3030 5266
567 593 725 653 -47-

111 751 216 824 genas
232 727 358 800 rubore
372 728 484 799 statim
502 727 682 802 sullundit.
700 757 716 794 «
728 729 998 801 Erubuitzsalva
1013 737 1177 816 res-est»,

112 854 211 927 Micio
225 878 342 929 secum
357 856 418 946 ait,
438 863 472 929 et
491 857 657 929 miserum
673 862 865 929 ornaturam
880 852 964 927 lalsa
985 854 1179 927 narratione

113 978 259 1053 libenter
292 980 435 1070 deludit,
468 1003 646 1077 quaeunt
677 981 819 1077 castiget
854 978 947 1076 quod
987 978 1179 1075 benigniori

113 1113 237 1200 patruo
253 1106 371 1179 omnia
390 1105 531 1180 eredere
549 1107 718 1195 noluerit;
738 1105 836 1203 lingit
851 1107 945 1179 enirn
958 1129 993 1180 se
1009 1105 1052 1178 ab
1067 1105 1179 1179 aurico

113 1231 319 1303 aduocatum
334 1231 403 1305 buo
418 1231 609 1319 intravisse,
629 1230 723 1304 buno
747 1240 861 1306 autern
886 1231 1037 1305 amioum
1054 1231 1177 1329 virgini

112 1378 239 1453 genere
256 1339 467 1454 proximum,
486 1364 524 1431 ut
541 1381 619 1430 earn
640 1357 831 1431 secundum
849 1357 960 1456 legem
983 1356 1138 1442 duceret,
1160 1379 1179 1429 e

112 1481 227 1555 Mileto
246 1484 388 1571 venisse,
418 1491 451 1556 et
475 1482 677 1579 iu'patrianr
702 1504 818 1556 securu
838 1483 893 1556 rix
917 1482 1055 1556 duotarn
1078 1503 1179 1554 avec-

112 1614 231 1679 tururn
250 1630 336 1681 esse.
365 1606 645 1703 Unumquodque
662 1608 993 1682 verbumaMicione
1013 1607 1178 1682 emissum

112 1733 267 1807 AEsobini
287 1734 442 1806 anirnuur
463 1733 584 1829 pungit
599 1742 633 1808 et
650 1734 791 1823 lacerat,
815 1757 878 1808 nco
894 1735 966 1833 jain
989 1733 1046 1808 bio
1067 1741 1178 1831 potest

112 1859 282 1932 abstinere
312 1859 394 1955 quin
425 1859 495 1931 sive
526 1859 661 1931 inutilia
684 1859 946 1955 interrogando,
968 1860 1038 1946 sive
1056 1860 1177 1934 excla-

114 1985 252 2074 rnando,
271 1986 341 2059 sive
362 1984 465 2057 etiam
481 2008 580 2082 paene
601 1983 808 2073 deficiendo,
830 1984 1047 2059 laborantem
1067 1995 1101 2059 et
1118 1985 1181 2058 do-

112 2112 241 2186 lentern
260 2133 415 2184 arnorcur
432 2109 558 2183 invitus
574 2108 759 2208 significan
776 2132 845 2207 quo
863 2110 958 2206 quasi
974 2117 1178 2198 occandus,

113 2234 1181 2333 urorinlaqueosomninoseinduit,tantaqueaoerbitatellile-

113 2363 202 2435 siuur
217 2369 402 2458 cognatum
414 2360 603 2434 maledictis
617 2368 749 2448 onerat,
763 2360 861 2458 cujus
877 2361 988 2433 solum
1005 2361 1115 2434 scelus
1130 2368 1182 2434 est

113 2487 249 2585 legibus
260 2508 395 2582 parere,
418 2494 511 2559 tanta
523 2466 739 2559 vehementia
754 2485 878 2582 prioris
887 2509 968 2560 curn
983 2509 1053 2583 quo
1066 2486 1181 2583 puella

114 2611 288 2686 consuevit
320 2611 543 2686 adolescentis
575 2610 728 2684 luturuur
765 2634 931 2710 angorem
963 2611 1120 2709 depingit
1148 2619 1183 2685 et

115 2736 311 2822 miseratur,
327 2744 364 2809 ut
380 2737 458 2832 plus
475 2759 580 2833 quarn
602 2736 738 2833 patroni
761 2737 881 2810 rnunia
905 2737 1050 2833 iruplere
1067 2747 1102 2810 et
1118 2757 1181 2831 pro

114 2860 217 2934 domo
231 2884 292 2935 sua
310 2861 423 2935 dicere
438 2861 607 2934 videatur.

592 3067 685 3124 AEscu.
700 3099 736 3107 ..
748 3066 859 3122 Factum
872 3084 888 3122 a
900 3063 978 3121 vobis
991 3063 1097 3120 duriter

187 3155 484 3230 luuriserioorditerque
497 3165 577 3230 atque
590 3157 684 3225 etiarn,
698 3155 721 3211 si
735 3164 787 3224 est,
801 3163 889 3228 pater,

188 3250 336 3305 Dicendum
352 3250 440 3323 magis
456 3258 560 3324 aperte,
577 3248 769 3305 inliberaliter.

116 3365 203 3422 llrcro.
217 3398 253 3407 -
266 3367 468 3431 Quamobrem?

306 3485 398 3540 AEscu.
415 3517 450 3525 -
464 3486 553 3558 Rogas
567 3487 633 3540 nre‘?
648 3484 714 3557 quid
728 3483 769 3538 illi
784 3481 893 3539 laudern
908 3481 1019 3538 creditis

188 3574 255 3632 Fore
269 3574 352 3628 animi
368 3573 479 3638 misero,
496 3575 617 3648 quicum
632 3591 664 3630 ea
680 3572 819 3630 consuevit
834 3574 872 3644 (l)
887 3572 985 3645 prior?

188 3663 239 3727 Qui
250 3661 343 3717 infelix
354 3661 467 3718 bauscio
479 3680 513 3717 an
524 3662 600 3718 illarn
609 3664 710 3718 misere
721 3680 792 3717 nuuc
801 3668 883 3730 amat,
996 3710 1002 3722 ,,

188 3753 274 3826 Quom
289 3753 358 3808 hano
371 3751 423 3808 sibi
439 3752 675 3826 videbitbraesens
690 3760 852 3826 prasentern
868 3749 948 3823 eripi,

190 3843 294 3898 Abduci
309 3844 342 3899 ab
358 3841 464 3898 oculis?
479 3842 594 3898 Facinus
608 3843 762 3914 indignum,
779 3851 867 3915 pater.

118 3959 207 4017 llllclo.
222 3992 258 4001 -
273 3961 331 4026 Qua
345 3961 451 4016 ratione
466 3960 557 4016 istuc?
571 3960 631 4034 quis
645 3959 811 4033 despondit?
824 3959 886 4032 quis
899 3958 996 4014 dedit‘?

189 4050 258 4114 Quoi
270 4051 378 4124 quando
391 4050 502 4125 nupsit‘l
515 4058 609 4106 auctor
623 4048 666 4105 his
680 4050 764 4106 rebus
776 4050 837 4123 quis
850 4049 914 4104 est‘l

188 4141 262 4204 Quor
276 4141 353 4197 duxit
365 4140 505 4197 alienaru‘l

150 4311 184 4371 ll)
200 4313 240 4362 Sic
262 4315 368 4377 Bentley.
383 4314 523 4362 Fleckeisen
547 4313 633 4362 scribit
654 4329 660 4360 r
678 4312 726 4376 Qui
746 4311 791 4362 illc
815 4313 950 4371 consuevit,
977 4324 1032 4375 quae
1050 4310 1180 4359 verborum

118 4394 259 4443 consecutio
271 4395 302 4443 ab
317 4409 363 4443 usu
378 4396 501 4446 abhorret.
