3030 5266
676 580 834 642 ..3¹1-

222 721 340 788 autem
358 714 432 812 ipsa
445 715 614 812 voluptas,
632 739 809 812 quasuum
823 741 956 816 aegrum
968 739 1122 792 amorem
1143 717 1285 806 solatur,

222 853 380 916 naturam
397 865 464 916 non
483 843 697 918 libidinosam
712 845 846 943 arguit:

421 1118 425 1128 .
652 1048 730 1104 Certe
743 1051 947 1106 extremaiiuea

293 1140 391 1194 Amare
403 1138 477 1194 haud
490 1138 528 1194 nil
541 1141 604 1209 est(
624 1141 645 1211 ),

222 1340 335 1428 Quam
365 1336 454 1410 intra
488 1337 615 1412 lineam
642 1337 817 1411 Plautinos
852 1345 1008 1412 amantes
1033 1361 1138 1438 agre,
1168 1340 1285 1431 credo,

223 1463 396 1554 cohibeas,
418 1471 450 1538 et
471 1461 564 1536 hanc
582 1472 614 1538 et
633 1471 777 1552 ceteras,
795 1463 859 1537 nisi
884 1464 962 1538 leno
983 1462 1108 1551 obstet,
1131 1465 1288 1539 celeriter

222 1589 367 1664 transire
404 1589 531 1663 solitos.
570 1590 643 1663 Non
680 1587 840 1687 equidem
882 1612 973 1688 nego
1005 1587 1165 1686 quaedam
1205 1589 1288 1664 huic

224 1713 348 1788 Tabulae
366 1715 476 1789 inesse
491 1737 511 1786 a
526 1713 624 1787 nobis
639 1714 760 1788 merito
776 1714 980 1812 respuenda,
996 1715 1140 1789 militem
1161 1736 1288 1812 nempe

221 1840 273 1914 vel
304 1839 348 1914 cb
381 1840 509 1913 bonam
537 1863 676 1914 causam
709 1841 744 1912 in
775 1839 1001 1914 adolescentis
1036 1840 1141 1914 amati
1170 1841 1287 1914 locum

222 1965 475 2055 succedentem,
493 1973 526 2039 et
540 1966 573 2037 in
590 1965 694 2038 domo
707 1963 848 2038 Thaidis
867 1964 910 2038 ab
930 1965 1002 2061 ipso
1016 1965 1176 2039 Phaedria
1194 1967 1288 2040 tole-

222 2088 337 2165 ratum
349 2091 446 2188 quasi
458 2090 624 2187 opimam,
639 2088 730 2164 uude
741 2088 829 2164 bene
844 2089 1030 2179 victitetur,
1042 2090 1209 2187 praedam,
1226 2090 1286 2165 sed

222 2239 263 2291 ea
274 2239 378 2312 quam
391 2216 513 2290 leviter
527 2223 561 2290 et
574 2215 687 2312 lepide
700 2215 882 2290 Terentius
896 2215 1032 2311 attingit
1047 2219 1055 2287 t
1073 2214 1177 2289 Thais
1192 2216 1286 2289 enim

223 2342 389 2439 virginem
422 2327 609 2440 ingenuam
633 2340 697 2413 sihi
726 2362 747 2412 a
776 2339 882 2414 milite
911 2339 1060 2413 oblatam
1086 2341 1287 2437 parentibus

222 2467 442 2555 restitutura,
481 2476 515 2541 et
540 2465 734 2543 Phaedriam
763 2463 922 2540 beneficii
947 2465 1080 2538 socium
1106 2464 1282 2555 habitura,

223 2616 294 2667 rem
311 2592 528 2667 inhonestam
550 2593 641 2666 bona
659 2592 771 2690 specie
798 2591 1020 2690 benignitatis
1049 2591 1283 2685 commendat,

221 2726 325 2815 atque
352 2741 421 2791 uno
438 2717 557 2807 verbo,
579 2740 643 2792 nec
667 2716 885 2808 immodesto,
909 2717 1100 2815 siguificat:

293 2928 333 2997 ld,
350 2928 457 2998 amabo,
473 2929 565 3002 adjuta
576 2946 630 2998 me,
645 2946 699 3002 quo
711 2929 740 2984 id
752 2929 799 2984 siat
809 2927 927 2984 facilius.

293 3018 356 3074 Sine
370 3018 447 3073 illum
460 3020 572 3090 priores
580 3020 678 3089 partis
692 3018 774 3074 hosce
789 3016 893 3090 aliquot
907 3016 965 3073 dies

294 3107 371 3182 Apud
386 3125 430 3163 me
445 3107 547 3165 habere
562 3108 612 3180 (T).

223 3312 298 3407 lpse
312 3308 481 3404 parasitus
499 3307 649 3396 Gnatho,
669 3330 778 3404 quum
796 3305 992 3381 Phaedriam
1016 3315 1116 3406 rogat
1134 3315 1172 3381 ut
1194 3308 1287 3381 mili-

224 3444 295 3510 tem
316 3432 409 3530 apud
434 3432 599 3508 Thaidem
620 3434 655 3506 in
681 3440 779 3530 parte
808 3433 924 3530 aliqua
949 3455 1091 3507 manere
1117 3433 1284 3530 patiatur,

220 3560 307 3658 jocis
320 3566 355 3633 et
367 3557 493 3631 salibus
505 3558 554 3631 rei
569 3557 765 3657 efflagitata
788 3557 1040 3655 turpitudinem
1059 3557 1162 3655 tegit;
1185 3581 1285 3631 suum

223 3687 316 3759 enim
344 3684 468 3758 herum
493 3681 647 3782 depingit
670 3681 814 3757 minime
839 3682 1098 3756 formidandum
1120 3681 1282 3773 rivalem,
1316 3756 1319 3757 γ

224 3809 346 3907 opibus
357 3807 606 3894 abundantem,
620 3809 759 3905 iugenio
773 3807 948 3896 stolidum,
966 3809 1002 3881 in
1016 3830 1135 3882 amore
1146 3807 1285 3882 tardum

225 3942 259 4009 et
288 3934 457 4019 inertem,
494 3932 538 4006 ad
566 3933 633 4007 hoc
660 3931 810 4031 denique
849 3942 967 4007 natum
1006 3943 1043 4006 ut
1083 3932 1285 4007 comedatur

225 4068 328 4156 atque
353 4058 526 4133 ebibatur.
552 4059 739 4154 Postquam
769 4057 927 4134 Phaedria
958 4058 1106 4132 breviter
1128 4058 1282 4149 assensit,

256 4290 289 4352 (1)
307 4290 383 4350 dian„
401 4291 441 4349 lv,
455 4289 478 4338 T.

256 4368 290 4432 (2)
308 4369 385 4430 Tun„
401 4371 420 4428 1,
437 4369 460 4417 2.
