3030 5266
737 565 895 628 ..38-

284 701 450 776 Thrasoni
488 702 647 800 roganti:
683 701 811 791 «Quid
836 702 993 800 agimus‘l
1019 730 1037 770 s
1070 701 1209 777 Gnatho
1241 701 1362 779 facete

284 827 469 925 respondet
486 852 494 898 :

356 1031 426 1097 Quid
437 1031 450 1085 ‘l
462 1031 507 1086 isti
520 1040 546 1088 tc
560 1031 740 1104 ignorabant:
756 1041 899 1106 postquam
912 1031 952 1088 cis
964 1049 1055 1087 mores
1068 1033 1174 1089 ostendi
1189 1040 1262 1102 tuos,

355 1120 389 1178 Et
402 1121 561 1177 conlaudavi
576 1123 725 1178 secundum
739 1122 811 1179 lacta
825 1130 853 1179 et
867 1123 981 1179 virtutes
993 1129 1065 1189 tuas
1148 1120 1150 1125 ’

356 1210 517 1284 Inpetravi(
536 1215 555 1280 ).

284 1393 452 1483 Risimus,
496 1394 609 1467 salvus
649 1400 701 1468 est
732 1392 913 1483 Phaedria,
955 1394 1193 1490 gravioremre
1228 1395 1357 1471 saltem

286 1519 573 1616 vituperationem
589 1518 726 1617 effugit.

335 1645 428 1718 Alius
439 1644 473 1717 in
486 1645 699 1718 Phormione
714 1645 925 1733 adolescens,
938 1644 1108 1718 Phaedriao
1118 1645 1356 1743 cognominis,

285 1769 380 1844 haud
393 1792 474 1843 sane
491 1770 634 1844 eximios
649 1748 783 1844 amores
795 1768 903 1858 lovet;
924 1792 1074 1867 namque
1092 1769 1224 1867 deperit
1243 1772 1362 1845 citha-

286 1896 450 1982 ristriam,
479 1918 542 1970 nec
567 1896 601 1968 in
623 1895 690 1969 hoc
720 1896 885 1969 Plautinis
911 1894 1185 1970 adolescentibus
1214 1897 1358 1990 melior,

286 2043 352 2097 nee
370 2019 475 2095 etiam
506 2019 640 2117 opibus,
676 2020 800 2118 quibus
827 2020 975 2094 amicam
1010 2021 1186 2114 redimat,
1203 2021 1357 2112 auctior.

287 2148 447 2221 Attamen
459 2146 502 2221 ad
516 2146 673 2221 camdem
690 2146 845 2241 inopiam
856 2145 1015 2220 redactus
1030 2168 1100 2220 non
1116 2146 1163 2220 ita
1173 2146 1360 2243 cupiditati

288 2271 441 2363 inservit,
454 2278 491 2345 ut
504 2272 667 2346 eumdem
684 2271 803 2360 risum,
815 2271 936 2345 eadem
948 2270 1083 2346 fastidia
1095 2281 1240 2347 moveat.
1252 2274 1360 2348 Hunc

288 2398 383 2472 enim
414 2397 593 2472 Terentius
632 2396 744 2472 laceto
782 2398 898 2494 lepore
936 2398 1108 2497 depingit
1135 2399 1360 2474 citharistriae

288 2523 1360 2622 vestigiaservantem,suostantumoculoscjuspulchritudine

288 2657 501 2746 pascentem,
542 2655 576 2722 et
616 2669 657 2722 ea
698 2648 824 2745 exigna
856 2648 1048 2745 voluptate,
1093 2672 1202 2746 quum
1241 2651 1362 2748 major

288 2781 446 2872 negetur,
476 2771 543 2846 lrui
569 2781 748 2861 coactnm;
782 2773 949 2848 hactenus
976 2774 1142 2848 miserum
1162 2782 1359 2850 amatorem

290 2900 416 2990 illudit,
442 2921 505 2973 nec
524 2922 605 2974 eum
625 2898 772 2974 ostendit
794 2900 886 2975 diem
913 2908 1023 2973 lotum
1048 2900 1207 2974 lamentis
1234 2900 1361 2974 indul-

289 3035 428 3125 gentem
444 3037 505 3101 aut
527 3027 668 3125 indigna
690 3025 844 3100 convicia
866 3025 1127 3122 perpetientem.
1156 3024 1358 3100 Calidorum

291 3161 325 3227 ct
342 3152 535 3227 Phaedriam
555 3151 645 3226 inter
659 3175 694 3226 sc
707 3175 870 3248 compara
882 3174 962 3224 cum
977 3151 1101 3225 lenone
1118 3151 1304 3249 litigantes,
1323 3162 1362 3226 et
1479 3139 1483 3159 '

291 3276 505 3351 intervallum
527 3277 703 3373 temporis,
724 3285 758 3350 ut
778 3277 987 3374 promissum
1006 3286 1186 3374 argentum
1204 3275 1355 3366 solvant,

290 3412 451 3501 rogantes
461 3427 470 3497 3
481 3401 638 3500 quamvis
650 3425 705 3477 res
718 3403 886 3500 cujusque
898 3403 964 3476 sint
974 3403 1008 3474 in
1022 3403 1142 3477 eodem
1153 3404 1240 3494 loco,
1252 3413 1360 3501 atque

292 3537 436 3627 uterque
456 3528 678 3604 vehementer
698 3529 791 3603 idem
805 3530 965 3626 postulet,
978 3538 1108 3626 quanto
1126 3530 1362 3604 minusPhae-

291 3653 376 3728 driae
395 3653 543 3753 dignitas
559 3653 594 3726 in
615 3655 680 3728 hoc
698 3653 815 3753 jurgio
839 3653 1057 3728 imminuitur
1075 3635 1108 3730 et
1128 3656 1359 3752 deprimitur!

290 3779 484 3874 Utrumque
500 3778 591 3852 enim
607 3801 758 3875 egenum
771 3786 962 3853 amatorem
977 3788 1119 3876 uterque
1131 3780 1209 3855 leno
1222 3780 1360 3875 irridet,

290 3903 349 3978 sed
362 3904 509 3977 alterum
518 3903 627 3978 Ballio
636 3904 774 4001 gravius
784 3912 817 3978 et
828 3906 1118 3998 contumeliosius,
1130 3906 1234 3981 Dorio
1245 3906 1361 3982 levius

290 4037 325 4102 et
343 4027 488 4124 lepidius
505 4029 663 4103 alterum.
685 4030 755 4103 Nec
770 4029 942 4120 Phaedria,
970 4031 1051 4105 dnm
1072 4033 1159 4106 servi
1184 4031 1357 4107 auxilium

290 4155 454 4249 exposcit,
471 4155 513 4226 ad
539 4155 817 4250 ignominiosam,
841 4156 932 4229 velut
955 4157 1179 4255 Argyrippus,
1210 4155 1357 4258 efflagi-

320 4375 355 4440 (l)
372 4375 449 4438 Itan„
464 4379 492 4438 V,
507 4376 530 4427 8.
