3030 5266
564 591 603 600 ..
624 557 659 616 (ῃ
683 591 718 601 -

501 715 502 718 “
537 686 815 761 Cn.-0luppiler!

583 789 586 797 '
710 794 773 850 Srn.
790 792 963 859 -Quiesce

23 910 27 918 ·
113 887 158 944 Cn.
174 918 210 928 —
224 884 362 959 Antiphila
373 901 433 940 mea
446 883 531 940 nuhel
542 883 608 939 mihi
620 885 626 938 l

284 1056 285 1059 Ἴ
523 993 588 1047 Srn.
603 989 1021 1064 -Siolnmihiinlerloquere?

114 1103 160 1159 Cu.
176 1132 213 1143 -
227 1101 294 1167 Quid
305 1100 423 1157 faciam?
436 1101 502 1173 Syre
515 1099 562 1167 mi,
578 1099 683 1172 gaudeo
698 1117 704 1154 :
720 1098 762 1154 ler
773 1115 827 1154 me.

719 1207 781 1264 Suu.
796 1238 831 1248 -
844 1207 911 1263 l'ero
927 1205 1019 1263 hercle
1033 1223 1108 1263 vero.

115 1301 160 1358 Co.
175 1332 209 1344 -
224 1300 340 1356 Deorum
354 1299 437 1355 vilam
450 1299 506 1373 apli
520 1315 623 1355 sumus.

502 1407 564 1463 Sua.
581 1438 617 1447 -
632 1405 743 1462 Frustra
758 1421 880 1479 operam,
896 1405 1003 1479 opinor,
1020 1422 1106 1463 sumo.

117 1516 164 1573 Cn.
180 1516 366 1588 -Loquere,
382 1514 474 1571 audio.

345 1613 418 1679 'Sura
434 1655 469 1662 -
485 1623 516 1678 dl
528 1623 584 1694 jam
599 1623 651 1679 hoc
666 1640 719 1682 non
735 1623 803 1696 agis.

694 1731 738 1786 Cn.
754 1763 788 1770 -
800 1731 895 1801 algam.

119 1912 215 1985 Hanc
228 1933 367 2008 quoque
383 1932 500 1984 vocem
514 1908 652 1984 allendc
672 1909 706 1982 in
723 1908 830 1983 ellusa
852 1910 967 1982 laalilia
983 1919 1181 2001 sonanlem,

120 2057 198 2110 vere
212 2033 292 2109 boni
313 2043 347 2108 ct
366 2033 491 2132 egregii
511 2033 616 2107 animi
637 2034 798 2132 signum:

191 2224 278 2297 Atque
293 2222 330 2278 ila
345 2239 388 2278 me
403 2221 430 2277 di
447 2229 546 2291 amerit,
562 2229 592 2278 ut
607 2238 658 2295 ogo
673 2239 743 2278 nunc
755 2240 810 2279 non
822 2230 878 2279 lam
894 2230 1001 2295 meapte
1016 2239 1098 2278 causa

191 2312 280 2370 Laetor
292 2331 372 2387 quam
386 2311 475 2368 illius:
489 2330 568 2386 quam
580 2329 631 2385 ego
645 2313 774 2369 scioessa
788 2313 890 2369 honore
904 2313 1001 2386 quovis
1013 2312 1144 2385 dignam(
1165 2317 1186 2386 ).

171 2503 238 2577 llos
255 2502 345 2576 inlcr
358 2502 504 2599 optimos
521 2523 542 2574 a
557 2501 717 2576 Terentio
729 2501 918 2598 descriptos
934 2500 1182 2589 adolescentes,

124 2627 237 2700 nullus
253 2627 471 2724 Pamphilum
495 2637 672 2702 venuslulc
695 2636 847 2724 superui,
874 2627 987 2701 nullus
1006 2635 1057 2702 csl
1081 2626 1186 2700 arrimi

123 2751 1192 2850 amanliorisalquehumanioris.ApudClrrysidemmxAndro

127 2879 170 2953 ad
184 2879 337 2954 Athenas
349 2878 533 2968 advenam,
550 2878 631 2952 olim
648 2879 827 2952 mulierem
843 2877 1037 2967 honeslam,
1052 2900 1131 2951 mox
1146 2877 1188 2952 acl

128 3003 244 3080 faciles
254 3001 1192 3101 amorespauperlaleproclivom,elpostremondquaes-

128 3139 199 3205 lum
230 3131 418 3228 delapsum,
440 3129 603 3228 uirginem
633 3128 774 3219 invenil,
793 3152 870 3227 quae
893 3130 994 3227 vulgo
1020 3128 1193 3227 Chrysidis

125 3279 222 3331 soror
234 3255 392 3342 hahetur,
411 3255 527 3329 animo
540 3251 695 3328 etsornra
709 3253 840 3328 liberali
852 3254 1193 3344 commendatarum

126 3390 266 3478 propter
281 3381 497 3478 ingeniorum
512 3379 775 3478 congruentiam
798 3379 915 3453 statim
942 3379 1081 3453 amavit.
1099 3380 1192 3466 Quos

127 3507 270 3582 eximios
282 3530 430 3595 amores,
444 3529 553 3604 quum
569 3504 689 3580 sedulo
703 3512 821 3579 caveat
836 3527 879 3579 ne
892 3504 1088 3602 vulgentur,
1100 3504 1190 3576 clam

129 3631 301 3720 omnihus,
327 3645 467 3728 excepta
490 3629 668 3729 Chryside,
700 3630 803 3719 lovel,
832 3652 895 3704 nec
923 3628 1113 3727 quidquam
1140 3631 1192 3704 vel

128 3766 259 3832 allento
280 3757 367 3854 patri
395 3737 544 3853 primuni
564 3757 707 3831 subolet.
741 3759 871 3830 Rumor
891 3753 1112 3851 quolidianus
1129 3752 1196 3830 lert

131 3883 278 3957 Cliniam
291 3891 351 3955 aul
362 3882 545 3956 Phaedrum
560 3893 618 3955 aut
628 3882 822 3956 Niceratum
833 3880 979 3954 vicissim
994 3863 1194 3979 Chrysidem

132 4008 303 4097 hahuisse,
331 4008 424 4081 nulla
442 4015 556 4081 aulem
575 4005 613 4079 fil
632 4007 802 4103 Pamphili
828 4014 862 4080 el
882 4005 1031 4104 Glycerii
1054 4005 1196 4095 mentio,

35 4215 39 4221 ,
135 4144 256 4209 mutuo
268 4134 412 4208 ellucito
424 4130 988 4226 fruentiumamore.Audipatrem
1000 4138 1196 4206 narrantem

168 4347 200 4409 (l)
220 4348 317 4407 Hercul„
335 4350 371 4408 lv,
387 4349 409 4397 3.
