3030 5266
566 587 613 596 .-
635 552 673 612 «aa
701 589 726 596 -q

89 741 91 744 >
121 685 266 761 laridum
292 705 445 759 amorem
475 707 592 760 umore
627 687 733 761 nimio
760 686 1022 762 confitentium!
1053 691 1088 761 ln
1121 689 1186 762 buc

122 819 255 884 taculum
287 810 437 884 Simonis
462 811 660 886 narratione
683 812 880 909 Glycerium
906 836 985 886 oum
1006 813 1185 910 Pamphilo

122 935 325 1026 ostenditur,
356 935 414 1010 sed
442 943 537 1010 lanta
563 935 788 1012 delectatione
820 937 853 1009 iu
894 937 1043 1012 amantis
1072 937 1183 1010 sinum

123 1061 287 1136 reclinata
296 1060 506 1158 depingitur,
518 1070 556 1136 ut
569 1085 749 1159 nunquam
764 1086 804 1138 ex
820 1063 937 1136 animo
952 1071 1068 1137 nostro
1084 1063 1185 1161 possit

123 1186 295 1262 excidere.
327 1188 400 1260 Non
430 1187 555 1261 talibus
581 1187 789 1285 imaginibus
815 1187 941 1288 gaudet
960 1188 1070 1263 Plauti
1088 1189 1185 1287 inge-

125 1313 237 1400 nium,
254 1311 474 1410 atqueetiam
497 1312 556 1386 ubi
578 1322 737 1405 mutuum
764 1337 829 1390 uec
853 1313 955 1388 nimis
974 1315 1185 1412 petulantem

125 1461 279 1514 amorem
298 1439 470 1532 describit,
489 1462 556 1516 uon
574 1463 609 1516 se
627 1448 720 1516 tenet
742 1440 824 1539 quin
850 1440 979 1539 aliquid
1004 1442 1132 1516 turbidi
1155 1451 1189 1516 ct

127 1561 386 1661 intemperantis
400 1566 480 1640 buic
497 1566 605 1641 amori
627 1565 831 1642 immisceat.
855 1569 944 1640 Dum
968 1567 1191 1649 Phaedromus

126 1686 320 1764 Planesium
335 1691 566 1788 amplectitur,
583 1698 694 1765 custos
710 1691 894 1766 Palinurus
908 1693 1098 1766 exclamat:

203 1901 306 1959 Pariter
320 1903 474 1978 hesperiae
489 1904 605 1962 amando
621 1905 716 1961 video:
734 1912 848 1980 uterque
865 1906 1012 1962 insaniunt.

201 1991 286 2048 Viden
295 2000 325 2049 ut
334 1993 433 2050 misere
443 1993 592 2051 moliuntur
603 1995 609 2049 l
624 2003 763 2068 nequeunt
772 1994 905 2069 conplecti
916 1995 990 2052 salis.

200 2081 287 2139 Etiam
301 2083 482 2157 dispertimini
496 2085 557 2156 (tlt

131 2271 267 2357 Quanto
291 2269 482 2368 magisnec
506 2279 620 2346 morel
640 2272 809 2368 Pamphili
833 2294 944 2360 amor,
977 2271 1194 2347 miseralione

133 2393 340 2484 increscens,
365 2403 410 2484 et,
443 2403 480 2469 ut
507 2397 553 2470 ita
579 2395 705 2484 dicam,
728 2397 871 2472 madens
896 2397 1063 2471 lacrimis!
1092 2397 1190 2485 Quod

134 2543 244 2622 genus
262 2521 389 2595 auroris
415 2521 449 2594 in
472 2521 581 2596 Clinia
599 2523 672 2620 jam
700 2521 922 2612 delineatum,
937 2523 984 2595 'in
1013 2522 1195 2619 Pamphilo

133 2645 326 2744 perlectum
345 2656 498 2744 apparet.
523 2649 620 2722 lluno
638 2647 746 2737 enim,
766 2671 870 2747 quem
891 2646 1042 2745 primum
1063 2649 1197 2722 allexe-

134 2782 215 2847 runt
229 2771 373 2872 Glyoerii
389 2773 609 2868 pulchritudo
623 2782 657 2848 et
672 2772 751 2847 boui
768 2797 893 2863 mores,
910 2773 1059 2848 retinent
1075 2781 1110 2846 et
1122 2775 1196 2846 vin·

133 2899 230 2974 ciunt
243 2909 367 2973 amatae
379 2896 523 2996 virginis
536 2907 732 2994 paupertas,
742 2897 901 2989 solitudo,
916 2905 1019 2994 atque
1031 2897 1064 2968 in
1076 2898 1196 2993 primis

136 3026 239 3098 timor
260 3048 304 3100 ue
329 3024 442 3121 puella
466 3022 600 3098 deserta
635 3031 670 3098 et
698 3045 802 3121 egens
831 3023 866 3095 in
891 3023 991 3120 pejus
1025 3000 1194 3096 mutetur.

136 3151 276 3226 Simone
305 3150 449 3248 jubente
478 3157 515 3224 ut
542 3148 710 3247 uirginem
740 3148 891 3222 dotatam
915 3146 1027 3221 statim
1056 3171 1197 3223 uxorem

137 3277 263 3368 ducat,
301 3275 464 3350 miserum
499 3275 771 3363 adolescentem,
805 3273 912 3369 patris
946 3274 1054 3372 magis
1081 3296 1199 3348 amore

137 3426 243 3500 qnam
276 3410 369 3477 metu
398 3400 612 3475 dubitantem
643 3421 683 3474 ac
716 3421 814 3496 paene
850 3397 1036 3486 labantem,
1072 3399 1201 3495 aliquot

138 3527 238 3624 Mysis
259 3527 363 3619 verba
378 3527 420 3601 de
445 3525 600 3624 Glycerio
617 3524 828 3623 parturiente
854 3530 889 3598 et
908 3523 1009 3596 simul
1030 3546 1072 3598 ne
1091 3522 1207 3613 desti-¹

139 3660 258 3726 tuetur
274 3651 494 3727 vehementer
512 3650 755 3725 extimescente
772 3648 884 3722 subito
902 3647 1043 3722 fumant
1064 3656 1202 3745 atquea

137 3777 241 3875 jussis
259 3776 386 3874 nuptiis
400 3776 519 3873 procul
535 3782 734 3851 removent:
840 3819 843 3823 >

212 3970 288 4045 Egon
301 3979 413 4046 propter
424 3989 468 4028 me
480 3971 554 4027 illam
567 3971 655 4044 decipi
665 3969 792 4027 miseram
805 3970 900 4038 sinam,

212 4062 277 4126 llere
288 4063 354 4118 mihi
365 4081 444 4120 suom
454 4061 573 4120 animum
584 4070 666 4135 atque
677 4079 784 4118 omnem
796 4061 877 4117 ritum
888 4058 1014 4127 credidit,

214 4153 300 4218 Quam
314 4172 364 4227 ego
378 4155 468 4211 animo
482 4152 593 4226 egregie
609 4169 700 4209 caram
716 4170 764 4226 pro
781 4168 863 4208 uxore
879 4151 1022 4207 habuerim
1031 4152 1044 4205 l

176 4349 209 4414 (l)
225 4351 350 4410 Curculio,
368 4354 386 4410 l,
401 4353 424 4402 3.
