3030 5266
677 608 716 617 -
736 571 774 634 57
796 607 836 618 -

223 714 394 782 amatores
412 706 456 780 ab
474 713 621 803 utroque
635 705 782 802 depicti‘l
795 705 850 779 luc
864 706 911 778 ita
921 727 1005 794 esse,
1021 704 1088 779 hoo
1099 705 1203 780 etiam
1216 715 1292 780 tum
1322 719 1326 725 ”

224 832 453 930 quere-ndum
470 831 513 904 sit
531 854 594 905 cur
613 832 700 905 alter
715 829 789 918 hoS,
808 831 882 903 illos
904 831 990 904 alter
1011 830 1195 905 imitandos
1219 832 1294 906 ele-

222 957 322 1055 gerit.
348 956 438 1045 Quid
464 960 569 1030 vero?
590 978 697 1053 quum
721 956 882 1030 eumdem
903 965 1052 1052 poetam,
1076 978 1202 1052 nempe
1215 958 1293 1031 Me-

223 1081 412 1171 nandrum,
438 1089 582 1176 uterque
603 1081 771 1178 sequitur,
792 1088 831 1154 ut
846 1079 885 1153 fit
907 1080 940 1152 in
959 1080 1186 1153 Bacchidibus
1203 1091 1237 1154 et
1258 1081 1293 1154 in

223 1207 374 1295 Andria,
393 1229 478 1282 num
497 1207 612 1279 miuus
630 1205 782 1302 dispares
797 1214 967 1280 amatores
984 1205 1173 1279 inducunt‘l
1192 1230 1292 1295 num,

224 1332 379 1429 exempli
402 1332 531 1431 gratia,
559 1331 764 1405 Pistoclerus
790 1329 920 1427 aliquid
954 1329 1060 1404 refert
1091 1330 1232 1426 pudoris
1258 1331 1294 1404 in

223 1457 406 1554 Pamphilo
430 1456 636 1531 eminentis?
666 1479 750 1528 num
780 1455 868 1529 ullus
893 1455 1118 1528 Terentianus
1144 1464 1292 1545 amator,

225 1583 260 1655 in
292 1583 442 1679 qualibet
466 1581 580 1656 fabula
605 1605 626 1654 a
652 1578 842 1655 Menandro
866 1580 1044 1668 translata,
1068 1580 1116 1653 ita
1137 1603 1294 1678 uuquam

225 1707 349 1804 desipit
383 1716 420 1782 ut
448 1713 648 1803 assequatur
679 1706 860 1779 stultitiam
890 1704 1156 1795 Alcesimarchi,
1190 1729 1294 1803 quem

225 1833 426 1907 Plautinum
469 1839 660 1905 amatorem
702 1853 721 1906 e
762 1831 951 1905 Menandro
997 1841 1176 1928 sumptum
1219 1855 1293 1908 esse

225 1957 376 2031 maxime
387 1956 564 2054 probabile
576 1955 899 2050 estttl‘lDillerunt,
915 1957 1184 2046 measententia,
1196 1957 1295 2030 Plau·

224 2090 287 2163 tini
304 2100 338 2165 et
353 2092 550 2166 Terentiani
565 2099 750 2180 amatores,
772 2090 885 2164 miuus
906 2090 989 2187 quia
1008 2090 1171 2165 dillerunt
1190 2093 1293 2190 graeci

224 2216 420 2312 scriptores
465 2239 548 2313 quos
591 2225 736 2312 uterque
766 2215 1026 2312 interpretatur,
1064 2239 1169 2313 quam
1211 2217 1294 2314 quia

224 2340 339 2415 dillert
362 2341 395 2414 in
421 2349 567 2437 utroque
583 2341 831 2438 interpretandi
853 2340 986 2428 modus3
1006 2341 1179 2416 diversum
1197 2343 1291 2416 enim

223 2467 334 2539 Plauti
353 2475 388 2540 et
404 2466 554 2541 Terentii
574 2466 765 2563 ingenium,
782 2465 949 2558 diversus,
967 2466 1011 2540 ad
1027 2491 1131 2564 quem
1146 2468 1293 2566 quisque

222 2591 345 2681 tendit,
367 2590 460 2674 finis,
475 2590 645 2666 diversam
663 2592 984 2688 interpretationem
999 2591 1142 2667 faciunt.

223 2763 300 2811 latas:
312 2761 452 2822 Bacchides,
464 2760 640 2821 Claudianum,
653 2761 799 2821 Poenninm;
810 2763 914 2812 totidem
924 2777 938 2811 a
948 2763 1106 2812 Philemone:
1120 2763 1293 2821 Mercatorem,

222 2842 410 2903 Mostellariam,
432 2842 618 2901 Trinummnm;
630 2845 691 2891 duas
706 2857 720 2891 a
734 2844 847 2904 Diphilo:
863 2842 1007 2892 Asinariam
1024 2847 1049 2892 et
1062 2843 1215 2905 Rudentem;
1229 2847 1295 2894 unde

223 2929 325 2985 apparet
345 2924 371 2972 in
393 2924 432 2972 his
454 2923 543 2972 fabulis
564 2925 677 2971 Plautum
700 2936 769 2971 novae
783 2923 910 2971 comoediae
926 2923 1062 2985 scriptores
1076 2927 1186 2972 secutum
1200 2925 1293 2973 luisse:

223 3009 323 3064 ceterae,
348 3019 435 3067 nempe
454 3003 581 3068 Epidicus,
601 3003 673 3053 Miles
693 3002 823 3065 plurimas,
845 3001 990 3063 Pseudolus,
1015 3003 1187 3063 Truculentns,
1210 3020 1224 3053 e
1246 3020 1294 3066 quo

222 3085 290 3134 toute
299 3087 393 3135 haustae
402 3087 461 3144 sint,
472 3085 583 3133 nescitur
598 3084 667 3146 (Vide
675 3083 775 3144 Teuffel,
785 3082 1062 3134 CeschiehtedarRuem.
1076 3084 1211 3142 literatus,
1222 3084 1293 3146 7875,

222 3178 247 3226 p.
270 3163 334 3228 153).
358 3166 486 3213 Terentius
512 3168 603 3222 autem,
626 3163 667 3224 qui
691 3176 735 3211 sex
757 3163 854 3210 fabulas
875 3162 980 3224 scripsit,
1006 3162 1032 3210 in
1048 3164 1115 3211 nulla
1137 3177 1186 3211 nun
1206 3177 1292 3212 novam

224 3245 370 3292 comoediam
392 3245 518 3305 imitatur;
540 3247 602 3293 duas
625 3245 655 3291 ab
676 3244 821 3304 Apollodoro
842 3243 950 3306 Carystio
969 3243 1111 3292 transtulit:
1124 3243 1246 3307 Hecyram
1270 3250 1295 3293 et

224 3325 416 3382 Paconianum
438 3330 534 3374 ceteras
555 3339 568 3372 a
591 3325 734 3384 Menandro,
749 3324 792 3371 scd
809 3336 838 3370 ea
852 3322 966 3371 libertate
986 3338 1054 3383 usus,
1076 3328 1103 3372 ut
1123 3324 1185 3373 duas
1204 3325 1294 3386 saepius

223 3406 319 3453 tabulas
331 3406 356 3453 in
369 3419 442 3452 uuam
456 3404 591 3462 miscuerit,
607 3417 662 3465 quae
677 3402 854 3452 contaminatio
864 3403 909 3461 esi,
922 3402 1018 3451 scilicet
1027 3402 1151 3452 Andriam
1165 3409 1189 3452 et
1202 3405 1294 3454 Perin-

225 3486 314 3545 thiam,
327 3485 477 3534 Carcachnm
489 3489 514 3532 et
527 3483 650 3545 Colacem,
665 3488 739 3544 atque
754 3483 828 3531 etiam
842 3484 919 3531 semel
934 3483 1015 3531 locum
1028 3497 1042 3531 e
1056 3483 1154 3546 Diphilo
1170 3489 1293 3545 sumptum

224 3564 343 3629 Adelphis
357 3565 495 3624 inseruerit,
511 3569 538 3613 ut
551 3578 582 3612 ex
596 3564 673 3626 ipsius
687 3563 828 3613 testimonio
843 3566 928 3625 patet:

411 3679 665 3744 Synapothnescontes
679 3679 771 3743 Diphili
786 3679 948 3728 comoediast:

412 3764 471 3811 Eam
485 3760 677 3813 Commorientis
691 3763 791 3810 Plautus
807 3760 866 3808 lecit
878 3760 994 3809 tabulam.

415 3843 443 3890 lu
458 3845 543 3892 Graeca
557 3844 703 3891 adulescens
717 3847 762 3902 est,
779 3841 822 3904 qui
836 3841 919 3889 lenoni
938 3841 1012 3902 eripit

412 3923 567 3971 Meretricem
581 3923 607 3969 in
620 3922 699 3984 prima
713 3923 811 3970 fabula:
828 3935 884 3969 eum
899 3921 998 3970 Plautus
1010 3921 1091 3968 locum

411 4002 520 4064 Reliquit
534 4002 664 4066 integrum.
679 4005 738 4052 Eum
752 4003 793 4050 hic
806 4003 887 4050 locum
901 4001 1004 4063 sumpsit
1016 4000 1065 4049 sibi

413 4085 440 4131 lu
452 4083 585 4147 Ancipites,
600 4085 700 4132 verbum
714 4085 745 4130 do
756 4083 831 4130 verbu
844 4095 987 4143 expressum
1002 4081 1096 4130 extulit.

257 4198 290 4263 (l)
308 4200 441 4249 Nonnullos
464 4198 591 4248 Menandri
612 4212 698 4247 versus
711 4211 782 4259 praue
796 4200 827 4246 ad
842 4199 946 4246 verbum
966 4197 1091 4246 transtulit
1110 4199 1217 4246 Plautus.
1236 4197 1295 4245 Vide

225 4280 345 4338 Meineke,
365 4279 516 4342 Frapmenta
532 4278 683 4328 comicorum
703 4291 851 4341 pracerum,
866 4278 942 4327 editio
956 4278 1046 4338 minor,
1064 4279 1095 4338 ΙΙ,
1108 4292 1132 4340 p.
1147 4275 1202 4326 978.
1219 4279 1295 4326 Bero-

225 4361 280 4419 lini,
297 4359 367 4409 7847.
