3030 5266
665 548 823 610 ,Μν-

552 685 616 741 Bne.
631 686 673 756 -ζ
681 684 760 740 llecte
775 685 884 753 aiuasti,
897 684 1049 758 Pamphila,
1061 699 1173 741 uxorem
1185 692 1283 742 tuam:

285 776 351 832 Nam
367 791 515 848 numquam
529 782 591 831 anto
607 774 678 829 hunc
699 775 770 830 diem
790 774 859 830 meis
876 775 961 831 oculis
979 792 1049 846 eam,
1068 775 1141 849 quod
1157 793 1285 845 nossem,

1120 865 1257 937 [videram
1276 885 1284 922 ε

286 956 559 1014 Perliberalisvisast.

415 1083 502 1140 Pauo.
517 1115 551 1124 ν-
565 1082 612 1138 llic
624 1099 727 1138 venum.

606 1207 669 1265 Bac.
687 1241 722 1248 -
737 1208 776 1266 lta
789 1225 832 1264 mo
845 1209 872 1264 di
886 1218 986 1279 omont,
1001 1209 1141 1283 Pamphile
1154 1211 1177 1281 (l
1186 1212 1207 1280 l.

149 1417 155 1426 ’
266 1443 1285 1544 LaudemabonojudicedatamPamphiluslibenteracci-

217 1573 281 1669 pit,
299 1594 364 1646 nec
379 1579 453 1669 jam
475 1572 540 1645 alia
559 1570 796 1645 blandimenta
812 1570 954 1667 cupiens
977 1571 1042 1645 hoc
1060 1571 1280 1645 solummodo

218 1706 316 1771 curat
330 1707 368 1770 ut
383 1719 471 1787 rem,
489 1696 572 1769 nnlli
593 1696 656 1769 nisi
676 1696 792 1770 sibiet
818 1697 930 1770 socrui
953 1720 1023 1770 snae
1044 1696 1279 1790 commissam,

218 1823 359 1898 omnino
370 1821 525 1897 reticeat.
540 1822 703 1912 Qitamvis
714 1823 806 1896 enim
820 1822 917 1918 pueri
931 1822 999 1896 uati
1015 1845 1050 1896 se
1063 1830 1194 1919 patrem
1210 1845 1287 1898 esse

219 1952 345 2027 certior
371 1949 481 2027 lactus
499 1951 554 2043 sit,
574 1959 608 2026 et
642 1951 756 2025 uxoris
775 1949 876 2026 lamae
895 1958 929 2025 ct
948 1951 1187 2026 existimationi
1212 1975 1286 2028 snae

219 2078 421 2167 consulem,
439 2077 612 2174 praeterita
626 2080 715 2153 l'acta
736 2076 869 2156 silentiu
889 2078 1075 2176 operienda
1098 2101 1172 2154 esse
1183 2078 1286 2176 judi-

219 2216 287 2296 cat,
309 2216 344 2282 et
368 2214 616 2303 praematurum
641 2230 681 2282 ex
706 2207 887 2282 inhonesta
913 2207 945 2279 vi
979 2215 1114 2304 partum
1139 2206 1286 2284 honesta

221 2336 430 2411 matrimonii
465 2336 577 2435 specie
612 2335 856 2434 obtegendum.
889 2336 986 2410 Hunc
1011 2335 1140 2411 exitum
1162 2335 1287 2410 habuit

220 2461 388 2559 Pamphili
422 2461 541 2551 libido,
581 2461 779 2536 brevissima
814 2461 974 2560 quidem,
1011 2470 1045 2536 et
1081 2461 1281 2553 vitutibus,

221 2611 304 2685 quus
327 2588 418 2662 idem
437 2588 580 2662 mantus
605 2586 772 2676 exhibuit,
799 2588 972 2662 cumulate
991 2587 1180 2685 redempta.

270 2713 370 2790 Tales
383 2713 709 2789 suntadolesoentes
723 2713 781 2810 qui
802 2713 953 2786 maxima
968 2712 1058 2808 apud
1082 2698 1282 2787 Terentium

221 2839 358 2914 licentia
368 2839 579 2926 abutuntur3
598 2837 855 2936 apcssimonum
870 2838 1045 2911 amoribus
1060 2837 1151 2912 disce
1165 2839 1286 2934 quales

222 2966 289 3040 siut
311 2973 503 3041 ceterorum
529 2986 677 3039 amores.
698 2963 830 3051 Quibus
849 2961 989 3059 quidem
1016 2963 1104 3036 mira
1124 2970 1286 3037 uenustas

223 3092 321 3179 inest,
362 3101 396 3163 ct
420 3090 470 3177 ei,
500 3090 558 3186 qui
599 3098 734 3163 tantum
764 3089 925 3163 Plautum
962 3087 1104 3175 evolvit,
1134 3087 1285 3167 suavitas

223 3213 399 3299 inandita3
417 3214 501 3288 nihil
516 3215 607 3287 enim
622 3215 696 3313 jam
714 3213 949 3289 meretricium
972 3212 1139 3302 redolent,
1157 3222 1283 3288 etcum

223 3339 483 3416 delectationem
501 3338 630 3414 habeut
648 3363 724 3437 quae
745 3340 853 3437 magis
869 3340 986 3414 animo
1007 3363 1111 3436 quam
1127 3338 1285 3414 sensibus

223 3463 443 3562 percipiatur.
461 3467 547 3554 Quae
562 3476 675 3541 mouet
689 3466 751 3539 hos
762 3464 869 3540 bonos
883 3465 1114 3541 adolescentes
1130 3464 1286 3561 pulchri-

225 3589 319 3676 tudo,
343 3613 409 3665 uon
427 3589 617 3679 munditiis,
635 3589 714 3664 luco
733 3597 767 3664 et
781 3589 903 3664 cetenis
926 3589 1100 3663 lenociniis
1125 3611 1159 3664 se
1182 3611 1285 3663 ccm-

225 3713 377 3804 mendal‚
401 3715 459 3790 sed
481 3714 709 3812 simplicitate,
736 3722 884 3812 egestate
911 3723 1014 3812 atqtie
1037 3713 1140 3788 etiam
1165 3712 1286 3789 dolone

223 3850 257 3914 ct
272 3839 443 3930 lacrimis3
458 3840 625 3938 ejusmodi
645 3838 810 3914 illecebris
825 3840 927 3914 semel
938 3838 1017 3913 tacti
1027 3839 1061 3912 in
1078 3846 1285 3935 perpetuum

224 3975 395 4039 tenentur.

271 4093 360 4164 Dum
389 4092 538 4189 Antipho
560 4092 594 4166 iu
616 4092 827 4168 Phormione
841 4114 920 4166 cnm
940 4089 1111 4181 Phaedria,
1129 4089 1286 4188 patruele

254 4368 286 4432 ll)
304 4368 372 4424 uec,
389 4370 413 4423 l',
429 4367 452 4419 l.
