3030 5266
534 736 731 804 ‚DE

34 1015 40 1026 ’
175 1032 565 1172 rtuuuurs
617 1035 701 1169 nr
755 1037 1241 1206 rnunuruurs

336 1405 745 1482 transsumimus
775 1406 1070 1484 ductortuus

381 2104 382 2108 '
521 2085 877 2174 PROOEMIUM

216 2407 333 2492 Quum
347 2406 510 2478 Plautum
529 2413 564 2477 ot
585 2403 784 2477 Terentium
805 2404 840 2475 in
865 2404 1064 2478 universum
1090 2429 1233 2501 compa-

168 2552 244 2603 rare
257 2529 394 2628 gravius
408 2552 494 2626 opus
512 2551 584 2602 esse
604 2528 774 2620 rideatur,
791 2528 878 2600 mihi
900 2529 1080 2603 consilium
1097 2541 1148 2604 ost
1171 2531 1234 2604 hos

167 2663 284 2751 poetas
295 2662 433 2728 tantum
452 2655 578 2751 partim
602 2654 783 2752 attingere,
804 2661 838 2727 et
855 2655 990 2727 erariis
1010 2657 1164 2750 personis
1188 2656 1232 2729 ab

129 2845 133 2853 .
167 2788 313 2876 utroque
332 2781 365 2851 in
391 2802 526 2853 scenam
548 2779 697 2853 inductis
719 2778 952 2852 adolescentes
980 2789 1135 2854 amantes
1159 2781 1233 2854 exi-

167 2927 262 2978 mere
292 2926 376 3000 quos
403 2904 492 2976 inter
518 2925 553 2976 se
578 2901 768 2975 conferam.
785 2904 854 2990 Qui
877 2904 1017 2999 quidem
1042 2928 1108 2978 non
1136 2906 1232 2979 iudi-

165 3053 284 3128 guam,
306 3052 385 3128 quae
403 3014 583 3113 tractetur,
605 3027 784 3100 materiem
801 3027 968 3125 praebent.
990 3029 1231 3106 Adolescentes

165 3156 273 3245 enim,
295 3156 379 3228 dum
405 3154 537 3228 fervent
561 3175 692 3240 amore,
718 3153 802 3227 dum
829 3161 946 3250 optato
970 3155 1148 3251 potiuntur
1172 3167 1231 3230 aut

165 3280 383 3370 fraudantur,
402 3280 594 3376 praecipuas
619 3287 733 3374 partes
757 3279 791 3351 in
821 3279 937 3353 multis
963 3278 1083 3353 fabulis
1103 3291 1207 3379 agunt
1216 3309 1225 3369 ;

33 3392 35 3396 ’
165 3406 290 3502 quippe
305 3429 454 3501 quorum
466 3404 672 3501 cupiditates
686 3407 885 3478 meretrices
901 3403 1053 3494 foveant,
1066 3407 1153 3480 servi
1169 3408 1229 3482 ad-

163 3529 447 3627 juvent,'patres,
472 3531 593 3604 saitem
623 3530 682 3627 qui
708 3531 859 3625 sapiunt,
888 3531 1106 3628 impugnent,
1124 3531 1167 3605 ita
1194 3543 1228 3606 ut

166 3665 256 3730 recte
274 3656 446 3730 existimes
460 3655 579 3729 ambos
597 3663 712 3751 poetas
732 3677 800 3728 non
820 3655 1030 3730 mediocrem
1049 3656 1178 3754 ingenii
1194 3667 1229 3732 et

164 3803 277 3878 operae
288 3789 422 3878 partem
437 3780 471 3852 in
493 3802 550 3853 eos
563 3778 776 3879 effingendos
805 3779 1023 3877 impendisse.
1047 3782 1228 3855 Amatores

164 3907 269 4004 igitur
288 3906 438 4002 primum
454 3905 636 4001 inspiciam
654 3904 738 4002 quid
761 3904 854 4001 apud
881 3905 1043 3977 Plautum
1063 3906 1225 3997 sentiant,

162 4032 362 4128 loquantur,
388 4039 505 4128 agant,
535 4030 619 4127 quid
650 4030 742 4127 apud
771 4031 970 4104 Terentium
980 4057 990 4117 ;
1019 4030 1143 4104 deinde
1171 4031 1224 4122 iis,

164 4157 290 4254 quibus
307 4160 396 4231 inter
416 4179 451 4230 se
469 4155 642 4244 differant,
661 4155 735 4252 jam
757 4155 950 4251 exploratis,
973 4155 1065 4230 unde
1083 4155 1168 4230 fiant
1187 4179 1228 4231 ea

163 4283 362 4357 discrimina
378 4304 440 4378 pro
455 4282 540 4357 meis
554 4279 682 4368 uiribus
698 4281 884 4377 explanare
900 4281 1096 4379 aggrediar.

287 4417 386 4457 neuim.
800 4400 803 4405 '
1074 4406 1085 4454 t
