<?xml version="1.0" encoding="UTF-8"?>
<!DOCTYPE html PUBLIC "-//W3C//DTD XHTML 1.0 Transitional//EN"
    "http://www.w3.org/TR/xhtml1/DTD/xhtml1-transitional.dtd">
<html xmlns="http://www.w3.org/1999/xhtml" xml:lang="en" lang="en">
 <head>
  <title>
</title>
<meta http-equiv="Content-Type" content="text/html;charset=utf-8" />
  <meta name='ocr-system' content='tesseract 3.04.00' />
  <meta name='ocr-capabilities' content='ocr_page ocr_carea ocr_par ocr_line ocrx_word'/>
</head>
<body>
  <div class='ocr_page' id='page_1' title='image "./deplautinisette00bertgoog_0014.png"; bbox 0 0 3030 5266; ppageno 0'>
   <div class='ocr_carea' id='block_1_1' title="bbox 622 551 761 611">
    <p class='ocr_par' dir='ltr' id='par_1_1' title="bbox 622 551 761 611">
     <span class='ocr_line' id='line_1_1' title="bbox 622 551 761 611; baseline -0.014 -15"><span class='ocrx_word' id='word_1_1' title='bbox 622 551 761 611; x_wconf 66' lang='lat'>...3-</span> 
     </span>
    </p>
   </div>
   <div class='ocr_carea' id='block_1_2' title="bbox 160 684 1228 1788">
    <p class='ocr_par' dir='ltr' id='par_1_2' title="bbox 160 684 1228 1788">
     <span class='ocr_line' id='line_1_2' title="bbox 160 684 1224 785; baseline 0.004 -27"><span class='ocrx_word' id='word_1_2' title='bbox 160 689 211 785; x_wconf 86' lang='lat' dir='ltr'>gis</span> <span class='ocrx_word' id='word_1_3' title='bbox 233 710 339 784; x_wconf 92' lang='lat' dir='ltr'>quam</span> <span class='ocrx_word' id='word_1_4' title='bbox 368 687 468 760; x_wconf 89' lang='lat' dir='ltr'>laude</span> <span class='ocrx_word' id='word_1_5' title='bbox 495 692 616 758; x_wconf 86' lang='lat' dir='ltr'>anetus</span> <span class='ocrx_word' id='word_1_6' title='bbox 643 684 783 782; x_wconf 79' lang='lat' dir='ltr'>(quippe</span> <span class='ocrx_word' id='word_1_7' title='bbox 806 686 905 781; x_wconf 87' lang='lat' dir='ltr'>eujus</span> <span class='ocrx_word' id='word_1_8' title='bbox 931 707 1029 758; x_wconf 87' lang='lat' dir='ltr'>arma</span> <span class='ocrx_word' id='word_1_9' title='bbox 1049 686 1091 760; x_wconf 88' lang='lat' dir='ltr'>ad</span> <span class='ocrx_word' id='word_1_10' title='bbox 1110 688 1224 764; x_wconf 89' lang='lat' dir='ltr'>hostes</span> 
     </span>
     <span class='ocr_line' id='line_1_3' title="bbox 160 809 1225 907; baseline 0 -21"><span class='ocrx_word' id='word_1_11' title='bbox 160 812 471 907; x_wconf 78' lang='lat' dir='ltr'>transvolaverint)‚</span> <span class='ocrx_word' id='word_1_12' title='bbox 494 834 529 885; x_wconf 92' lang='lat' dir='ltr'>se</span> <span class='ocrx_word' id='word_1_13' title='bbox 551 832 696 906; x_wconf 88' lang='lat' dir='ltr'>corpore</span> <span class='ocrx_word' id='word_1_14' title='bbox 715 809 855 906; x_wconf 92' lang='lat' dir='ltr'>quidem</span> <span class='ocrx_word' id='word_1_15' title='bbox 884 811 1052 884; x_wconf 88' lang='lat' dir='ltr'>valentem</span> <span class='ocrx_word' id='word_1_16' title='bbox 1075 812 1119 884; x_wconf 88' lang='lat' dir='ltr'>ab</span> <span class='ocrx_word' id='word_1_17' title='bbox 1142 813 1225 886; x_wconf 88' lang='lat' dir='ltr'>ani-</span> 
     </span>
     <span class='ocr_line' id='line_1_4' title="bbox 162 935 1225 1037; baseline -0.001 -25"><span class='ocrx_word' id='word_1_18' title='bbox 162 963 219 1013; x_wconf 93' lang='lat' dir='ltr'>mo</span> <span class='ocrx_word' id='word_1_19' title='bbox 236 947 402 1037; x_wconf 74' lang='lat' dir='ltr'>aegrotare</span> <span class='ocrx_word' id='word_1_20' title='bbox 421 937 591 1034; x_wconf 86' lang='lat' dir='ltr'>queritur.</span> <span class='ocrx_word' id='word_1_21' title='bbox 614 938 704 1023; x_wconf 86' lang='lat' dir='ltr'>Quot</span> <span class='ocrx_word' id='word_1_22' title='bbox 728 935 861 1009; x_wconf 91' lang='lat' dir='ltr'>animos</span> <span class='ocrx_word' id='word_1_23' title='bbox 884 935 940 1010; x_wconf 87' lang='lat' dir='ltr'>ille</span> <span class='ocrx_word' id='word_1_24' title='bbox 962 935 1088 1010; x_wconf 90' lang='lat' dir='ltr'>habeat</span> <span class='ocrx_word' id='word_1_25' title='bbox 1110 938 1225 1012; x_wconf 85' lang='lat' dir='ltr'>Thes-</span> 
     </span>
     <span class='ocr_line' id='line_1_5' title="bbox 161 1061 1226 1162; baseline 0.001 -25"><span class='ocrx_word' id='word_1_26' title='bbox 161 1065 319 1162; x_wconf 88' lang='lat' dir='ltr'>prionem</span> <span class='ocrx_word' id='word_1_27' title='bbox 346 1064 559 1161; x_wconf 84' lang='lat' dir='ltr'>armigerum</span> <span class='ocrx_word' id='word_1_28' title='bbox 595 1084 713 1135; x_wconf 92' lang='lat' dir='ltr'>servus</span> <span class='ocrx_word' id='word_1_29' title='bbox 747 1061 909 1157; x_wconf 83' lang='lat' dir='ltr'>Epidicus</span> <span class='ocrx_word' id='word_1_30' title='bbox 939 1069 1037 1160; x_wconf 79' lang='lat' dir='ltr'>rogat</span> <span class='ocrx_word' id='word_1_31' title='bbox 1062 1062 1128 1160; x_wconf 72' lang='lat' dir='ltr'>(l),</span> <span class='ocrx_word' id='word_1_32' title='bbox 1162 1086 1226 1139; x_wconf 91' lang='lat' dir='ltr'>uec</span> 
     </span>
     <span class='ocr_line' id='line_1_6' title="bbox 162 1186 1227 1285; baseline -0.001 -23"><span class='ocrx_word' id='word_1_33' title='bbox 162 1188 608 1284; x_wconf 74' lang='lat' dir='ltr'>immeritostralippocles</span> <span class='ocrx_word' id='word_1_34' title='bbox 620 1186 713 1260; x_wconf 93' lang='lat' dir='ltr'>enim</span> <span class='ocrx_word' id='word_1_35' title='bbox 733 1186 915 1259; x_wconf 91' lang='lat' dir='ltr'>militatum</span> <span class='ocrx_word' id='word_1_36' title='bbox 928 1187 1084 1261; x_wconf 90' lang='lat' dir='ltr'>abiturus</span> <span class='ocrx_word' id='word_1_37' title='bbox 1102 1188 1227 1285; x_wconf 86' lang='lat' dir='ltr'>Epidi-</span> 
     </span>
     <span class='ocr_line' id='line_1_7' title="bbox 164 1311 1228 1412; baseline -0.002 -23"><span class='ocrx_word' id='word_1_38' title='bbox 164 1338 244 1389; x_wconf 91' lang='lat' dir='ltr'>cum</span> <span class='ocrx_word' id='word_1_39' title='bbox 275 1315 422 1412; x_wconf 88' lang='lat' dir='ltr'>jusserat</span> <span class='ocrx_word' id='word_1_40' title='bbox 455 1312 631 1386; x_wconf 87' lang='lat' dir='ltr'>fidicinam</span> <span class='ocrx_word' id='word_1_41' title='bbox 666 1311 730 1384; x_wconf 91' lang='lat' dir='ltr'>sibi</span> <span class='ocrx_word' id='word_1_42' title='bbox 768 1322 883 1385; x_wconf 90' lang='lat' dir='ltr'>caram</span> <span class='ocrx_word' id='word_1_43' title='bbox 925 1335 1065 1406; x_wconf 82' lang='lat' dir='ltr'>emere3</span> <span class='ocrx_word' id='word_1_44' title='bbox 1111 1314 1228 1387; x_wconf 87' lang='lat' dir='ltr'>levitas</span> 
     </span>
     <span class='ocr_line' id='line_1_8' title="bbox 164 1435 1228 1534; baseline 0 -20"><span class='ocrx_word' id='word_1_45' title='bbox 164 1450 280 1515; x_wconf 88' lang='lat' dir='ltr'>antem</span> <span class='ocrx_word' id='word_1_46' title='bbox 303 1441 419 1515; x_wconf 89' lang='lat' dir='ltr'>herilis</span> <span class='ocrx_word' id='word_1_47' title='bbox 446 1435 603 1513; x_wconf 86' lang='lat' dir='ltr'>servilem</span> <span class='ocrx_word' id='word_1_48' title='bbox 633 1437 848 1534; x_wconf 78' lang='lat' dir='ltr'>diligentiam</span> <span class='ocrx_word' id='word_1_49' title='bbox 876 1438 1016 1513; x_wconf 89' lang='lat' dir='ltr'>inanem</span> <span class='ocrx_word' id='word_1_50' title='bbox 1043 1439 1169 1528; x_wconf 87' lang='lat' dir='ltr'>ellccit,</span> <span class='ocrx_word' id='word_1_51' title='bbox 1193 1449 1228 1515; x_wconf 92' lang='lat' dir='ltr'>et</span> 
     </span>
     <span class='ocr_line' id='line_1_9' title="bbox 164 1561 1226 1660; baseline -0.001 -21"><span class='ocrx_word' id='word_1_52' title='bbox 164 1565 278 1640; x_wconf 86' lang='lat' dir='ltr'>statim</span> <span class='ocrx_word' id='word_1_53' title='bbox 295 1564 445 1638; x_wconf 85' lang='lat' dir='ltr'>fastidita</span> <span class='ocrx_word' id='word_1_54' title='bbox 470 1563 524 1636; x_wconf 83' lang='lat' dir='ltr'>vix</span> <span class='ocrx_word' id='word_1_55' title='bbox 549 1570 666 1659; x_wconf 89' lang='lat' dir='ltr'>empta</span> <span class='ocrx_word' id='word_1_56' title='bbox 693 1561 801 1635; x_wconf 85' lang='lat' dir='ltr'>delusi</span> <span class='ocrx_word' id='word_1_57' title='bbox 829 1563 935 1659; x_wconf 87' lang='lat' dir='ltr'>patris</span> <span class='ocrx_word' id='word_1_58' title='bbox 956 1586 1042 1638; x_wconf 88' lang='lat' dir='ltr'>auro</span> <span class='ocrx_word' id='word_1_59' title='bbox 1074 1564 1226 1660; x_wconf 85' lang='lat' dir='ltr'>fidicina,</span> 
     </span>
     <span class='ocr_line' id='line_1_10' title="bbox 160 1687 619 1788; baseline -0.011 -23"><span class='ocrx_word' id='word_1_60' title='bbox 160 1691 231 1788; x_wconf 89' lang='lat' dir='ltr'>jam</span> <span class='ocrx_word' id='word_1_61' title='bbox 252 1691 422 1788; x_wconf 84' lang='lat' dir='ltr'>captiuam</span> <span class='ocrx_word' id='word_1_62' title='bbox 441 1687 619 1785; x_wconf 83' lang='lat' dir='ltr'>deperibat</span> 
     </span>
    </p>
   </div>
   <div class='ocr_carea' id='block_1_3' title="bbox 236 1893 1164 1971">
    <p class='ocr_par' dir='ltr' id='par_1_3' title="bbox 236 1893 1164 1971">
     <span class='ocr_line' id='line_1_11' title="bbox 236 1893 1164 1971; baseline 0.001 -19"><span class='ocrx_word' id='word_1_63' title='bbox 236 1896 326 1968; x_wconf 88' lang='lat' dir='ltr'>Usque</span> <span class='ocrx_word' id='word_1_64' title='bbox 343 1897 377 1951; x_wconf 86' lang='lat' dir='ltr'>ab</span> <span class='ocrx_word' id='word_1_65' title='bbox 391 1893 537 1968; x_wconf 83' lang='lat' dir='ltr'>unguiculo</span> <span class='ocrx_word' id='word_1_66' title='bbox 550 1893 584 1949; x_wconf 84' lang='lat' dir='ltr'>ad</span> <span class='ocrx_word' id='word_1_67' title='bbox 600 1893 728 1967; x_wconf 81' lang='lat' dir='ltr'>capillum</span> <span class='ocrx_word' id='word_1_68' title='bbox 740 1911 876 1950; x_wconf 90' lang='lat' dir='ltr'>summum</span> <span class='ocrx_word' id='word_1_69' title='bbox 888 1895 1099 1952; x_wconf 87' lang='lat' dir='ltr'>festivissumam</span> <span class='ocrx_word' id='word_1_70' title='bbox 1112 1895 1164 1971; x_wconf 69' lang='lat' dir='ltr'>(b).</span> 
     </span>
    </p>
   </div>
   <div class='ocr_carea' id='block_1_4' title="bbox 166 2076 1230 2301">
    <p class='ocr_par' dir='ltr' id='par_1_4' title="bbox 166 2076 1230 2301">
     <span class='ocr_line' id='line_1_12' title="bbox 213 2076 1230 2176; baseline 0.003 -25"><span class='ocrx_word' id='word_1_71' title='bbox 213 2080 283 2152; x_wconf 91' lang='lat' dir='ltr'>Nee</span> <span class='ocrx_word' id='word_1_72' title='bbox 305 2076 464 2174; x_wconf 88' lang='lat' dir='ltr'>equidem</span> <span class='ocrx_word' id='word_1_73' title='bbox 485 2077 584 2151; x_wconf 89' lang='lat' dir='ltr'>valde</span> <span class='ocrx_word' id='word_1_74' title='bbox 609 2076 716 2149; x_wconf 91' lang='lat' dir='ltr'>miror</span> <span class='ocrx_word' id='word_1_75' title='bbox 734 2076 948 2151; x_wconf 86' lang='lat' dir='ltr'>moderatum</span> <span class='ocrx_word' id='word_1_76' title='bbox 971 2079 1141 2172; x_wconf 82' lang='lat' dir='ltr'>animum,</span> <span class='ocrx_word' id='word_1_77' title='bbox 1160 2103 1230 2176; x_wconf 92' lang='lat' dir='ltr'>quo</span> 
     </span>
     <span class='ocr_line' id='line_1_13' title="bbox 166 2202 611 2301; baseline -0.002 -25"><span class='ocrx_word' id='word_1_78' title='bbox 166 2204 257 2277; x_wconf 87' lang='lat' dir='ltr'>velut</span> <span class='ocrx_word' id='word_1_79' title='bbox 272 2204 404 2278; x_wconf 91' lang='lat' dir='ltr'>insolito</span> <span class='ocrx_word' id='word_1_80' title='bbox 421 2202 611 2301; x_wconf 82' lang='lat' dir='ltr'>gloriatur:</span> 
     </span>
    </p>
   </div>
   <div class='ocr_carea' id='block_1_5' title="bbox 237 2407 1139 2481">
    <p class='ocr_par' dir='ltr' id='par_1_5' title="bbox 237 2407 1139 2481">
     <span class='ocr_line' id='line_1_14' title="bbox 237 2407 1139 2481; baseline 0.002 -17"><span class='ocrx_word' id='word_1_81' title='bbox 237 2409 270 2464; x_wconf 82' lang='lat' dir='ltr'>lt</span> <span class='ocrx_word' id='word_1_82' title='bbox 281 2407 418 2481; x_wconf 78' lang='lat' dir='ltr'>pudicitia</span> <span class='ocrx_word' id='word_1_83' title='bbox 431 2408 489 2480; x_wconf 86' lang='lat' dir='ltr'>ejus</span> <span class='ocrx_word' id='word_1_84' title='bbox 503 2423 653 2481; x_wconf 86' lang='lat' dir='ltr'>numquam</span> <span class='ocrx_word' id='word_1_85' title='bbox 665 2423 715 2463; x_wconf 85' lang='lat' dir='ltr'>nec</span> <span class='ocrx_word' id='word_1_86' title='bbox 731 2407 793 2476; x_wconf 86' lang='lat' dir='ltr'>vim,</span> <span class='ocrx_word' id='word_1_87' title='bbox 810 2423 860 2464; x_wconf 85' lang='lat' dir='ltr'>nec</span> <span class='ocrx_word' id='word_1_88' title='bbox 875 2407 972 2463; x_wconf 87' lang='lat' dir='ltr'>vitium</span> <span class='ocrx_word' id='word_1_89' title='bbox 987 2408 1074 2464; x_wconf 90' lang='lat' dir='ltr'>adtuli</span> <span class='ocrx_word' id='word_1_90' title='bbox 1089 2407 1139 2481; x_wconf 82' lang='lat'>(3).</span> 
     </span>
    </p>
   </div>
   <div class='ocr_carea' id='block_1_6' title="bbox 167 2590 1293 3701">
    <p class='ocr_par' dir='ltr' id='par_1_6' title="bbox 167 2590 1293 3576">
     <span class='ocr_line' id='line_1_15' title="bbox 214 2590 1230 2703; baseline 0.002 -25"><span class='ocrx_word' id='word_1_91' title='bbox 214 2607 288 2678; x_wconf 90' lang='lat' dir='ltr'>Non</span> <span class='ocrx_word' id='word_1_92' title='bbox 327 2614 461 2703; x_wconf 90' lang='lat' dir='ltr'>poterat</span> <span class='ocrx_word' id='word_1_93' title='bbox 495 2613 601 2703; x_wconf 90' lang='lat' dir='ltr'>poeta.</span> <span class='ocrx_word' id='word_1_94' title='bbox 628 2627 697 2678; x_wconf 94' lang='lat' dir='ltr'>non</span> <span class='ocrx_word' id='word_1_95' title='bbox 722 2590 758 2678; x_wconf 49' lang='lat' dir='ltr'>&#39;ei</span> <span class='ocrx_word' id='word_1_96' title='bbox 786 2605 999 2679; x_wconf 86' lang='lat' dir='ltr'>verecundos</span> <span class='ocrx_word' id='word_1_97' title='bbox 1028 2629 1164 2681; x_wconf 90' lang='lat' dir='ltr'>amores</span> <span class='ocrx_word' id='word_1_98' title='bbox 1188 2608 1230 2680; x_wconf 89' lang='lat' dir='ltr'>ad</span> 
     </span>
     <span class='ocr_line' id='line_1_16' title="bbox 167 2729 1231 2827; baseline 0.004 -26"><span class='ocrx_word' id='word_1_99' title='bbox 167 2729 270 2804; x_wconf 87' lang='lat' dir='ltr'>breue</span> <span class='ocrx_word' id='word_1_100' title='bbox 309 2739 444 2826; x_wconf 91' lang='lat' dir='ltr'>tempus</span> <span class='ocrx_word' id='word_1_101' title='bbox 487 2730 665 2827; x_wconf 85' lang='lat' dir='ltr'>imponere</span> <span class='ocrx_word' id='word_1_102' title='bbox 708 2752 786 2803; x_wconf 86' lang='lat' dir='ltr'>mox</span> <span class='ocrx_word' id='word_1_103' title='bbox 831 2730 865 2800; x_wconf 90' lang='lat' dir='ltr'>in</span> <span class='ocrx_word' id='word_1_104' title='bbox 905 2731 1040 2823; x_wconf 87' lang='lat' dir='ltr'>captiua</span> <span class='ocrx_word' id='word_1_105' title='bbox 1079 2756 1231 2807; x_wconf 89' lang='lat' dir='ltr'>sororem</span> 
     </span>
     <span class='ocr_line' id='line_1_17' title="bbox 167 2852 1229 2951; baseline 0.001 -23"><span class='ocrx_word' id='word_1_106' title='bbox 167 2855 339 2951; x_wconf 79' lang='lat' dir='ltr'>agnituro,</span> <span class='ocrx_word' id='word_1_107' title='bbox 367 2863 402 2927; x_wconf 95' lang='lat' dir='ltr'>ot</span> <span class='ocrx_word' id='word_1_108' title='bbox 425 2854 499 2951; x_wconf 86' lang='lat' dir='ltr'>jam</span> <span class='ocrx_word' id='word_1_109' title='bbox 527 2854 774 2928; x_wconf 86' lang='lat' dir='ltr'>nimiaaudere</span> <span class='ocrx_word' id='word_1_110' title='bbox 795 2852 931 2927; x_wconf 90' lang='lat' dir='ltr'>videtur</span> <span class='ocrx_word' id='word_1_111' title='bbox 957 2878 1065 2950; x_wconf 93' lang='lat' dir='ltr'>quum</span> <span class='ocrx_word' id='word_1_112' title='bbox 1089 2856 1229 2930; x_wconf 81' lang='lat' dir='ltr'>fratrem</span> 
     </span>
     <span class='ocr_line' id='line_1_18' title="bbox 169 2978 1233 3077; baseline 0.004 -27"><span class='ocrx_word' id='word_1_113' title='bbox 169 2979 300 3053; x_wconf 82' lang='lat' dir='ltr'>inducit</span> <span class='ocrx_word' id='word_1_114' title='bbox 315 2978 440 3053; x_wconf 90' lang='lat' dir='ltr'>sororis</span> <span class='ocrx_word' id='word_1_115' title='bbox 458 2978 511 3052; x_wconf 86' lang='lat' dir='ltr'>vel</span> <span class='ocrx_word' id='word_1_116' title='bbox 529 2979 652 3075; x_wconf 81' lang='lat' dir='ltr'>ignotae</span> <span class='ocrx_word' id='word_1_117' title='bbox 666 2979 800 3074; x_wconf 91' lang='lat' dir='ltr'>lepores</span> <span class='ocrx_word' id='word_1_118' title='bbox 814 2978 927 3052; x_wconf 84' lang='lat' dir='ltr'>verbis</span> <span class='ocrx_word' id='word_1_119' title='bbox 939 2978 987 3051; x_wconf 89' lang='lat' dir='ltr'>ita</span> <span class='ocrx_word' id='word_1_120' title='bbox 1006 2979 1125 3052; x_wconf 86' lang='lat' dir='ltr'>vividis</span> <span class='ocrx_word' id='word_1_121' title='bbox 1142 3004 1233 3077; x_wconf 89' lang='lat' dir='ltr'>prae-</span> 
     </span>
     <span class='ocr_line' id='line_1_19' title="bbox 169 3103 1234 3202; baseline -0.001 -23"><span class='ocrx_word' id='word_1_122' title='bbox 169 3105 354 3179; x_wconf 86' lang='lat' dir='ltr'>dicantem.</span> <span class='ocrx_word' id='word_1_123' title='bbox 372 3106 535 3178; x_wconf 88' lang='lat' dir='ltr'>Ceterum</span> <span class='ocrx_word' id='word_1_124' title='bbox 554 3103 657 3177; x_wconf 89' lang='lat' dir='ltr'>habet</span> <span class='ocrx_word' id='word_1_125' title='bbox 681 3103 773 3177; x_wconf 90' lang='lat' dir='ltr'>domi</span> <span class='ocrx_word' id='word_1_126' title='bbox 792 3104 883 3200; x_wconf 93' lang='lat' dir='ltr'>quod</span> <span class='ocrx_word' id='word_1_127' title='bbox 901 3111 1007 3193; x_wconf 83' lang='lat' dir='ltr'>amet,</span> <span class='ocrx_word' id='word_1_128' title='bbox 1034 3127 1139 3201; x_wconf 89' lang='lat' dir='ltr'>opera</span> <span class='ocrx_word' id='word_1_129' title='bbox 1151 3107 1234 3202; x_wconf 80' lang='lat' dir='ltr'>Epi-</span> 
     </span>
     <span class='ocr_line' id='line_1_20' title="bbox 169 3228 1234 3327; baseline 0.002 -23"><span class='ocrx_word' id='word_1_130' title='bbox 169 3231 248 3317; x_wconf 86' lang='lat' dir='ltr'>dioi,</span> <span class='ocrx_word' id='word_1_131' title='bbox 266 3230 523 3327; x_wconf 86' lang='lat' dir='ltr'>Stratippocles,</span> <span class='ocrx_word' id='word_1_132' title='bbox 553 3237 657 3325; x_wconf 89' lang='lat' dir='ltr'>atque</span> <span class='ocrx_word' id='word_1_133' title='bbox 676 3228 719 3301; x_wconf 91' lang='lat' dir='ltr'>ad</span> <span class='ocrx_word' id='word_1_134' title='bbox 744 3228 919 3325; x_wconf 80' lang='lat' dir='ltr'>fidicinam</span> <span class='ocrx_word' id='word_1_135' title='bbox 947 3229 1068 3304; x_wconf 87' lang='lat' dir='ltr'>eadam</span> <span class='ocrx_word' id='word_1_136' title='bbox 1097 3231 1234 3306; x_wconf 89' lang='lat' dir='ltr'>levitate</span> 
     </span>
     <span class='ocr_line' id='line_1_21' title="bbox 170 3353 1235 3453; baseline 0.001 -25"><span class='ocrx_word' id='word_1_137' title='bbox 170 3355 257 3431; x_wconf 87' lang='lat' dir='ltr'>redit</span> <span class='ocrx_word' id='word_1_138' title='bbox 281 3381 351 3453; x_wconf 90' lang='lat' dir='ltr'>qua</span> <span class='ocrx_word' id='word_1_139' title='bbox 373 3378 483 3453; x_wconf 90' lang='lat' dir='ltr'>nuper</span> <span class='ocrx_word' id='word_1_140' title='bbox 500 3377 577 3428; x_wconf 89' lang='lat' dir='ltr'>eam</span> <span class='ocrx_word' id='word_1_141' title='bbox 597 3353 808 3443; x_wconf 81' lang='lat' dir='ltr'>deseruerat,</span> <span class='ocrx_word' id='word_1_142' title='bbox 831 3354 950 3449; x_wconf 88' lang='lat' dir='ltr'>priscis</span> <span class='ocrx_word' id='word_1_143' title='bbox 965 3363 999 3428; x_wconf 90' lang='lat' dir='ltr'>et</span> <span class='ocrx_word' id='word_1_144' title='bbox 1017 3355 1235 3429; x_wconf 87' lang='lat' dir='ltr'>liberioribus</span> 
     </span>
     <span class='ocr_line' id='line_1_22' title="bbox 171 3458 1293 3576; baseline -0.003 -21"><span class='ocrx_word' id='word_1_145' title='bbox 171 3482 346 3555; x_wconf 89' lang='lat' dir='ltr'>amoribus</span> <span class='ocrx_word' id='word_1_146' title='bbox 365 3503 500 3554; x_wconf 89' lang='lat' dir='ltr'>amores</span> <span class='ocrx_word' id='word_1_147' title='bbox 515 3487 669 3554; x_wconf 90' lang='lat' dir='ltr'>recentes</span> <span class='ocrx_word' id='word_1_148' title='bbox 688 3487 722 3553; x_wconf 90' lang='lat' dir='ltr'>et</span> <span class='ocrx_word' id='word_1_149' title='bbox 735 3479 872 3576; x_wconf 81' lang='lat' dir='ltr'>jejunos</span> <span class='ocrx_word' id='word_1_150' title='bbox 885 3480 1066 3553; x_wconf 90' lang='lat' dir='ltr'>solaturus.</span> <span class='ocrx_word' id='word_1_151' title='bbox 1290 3458 1293 3464; x_wconf 33' lang='lat'>⁵</span> 
     </span>
    </p>

    <p class='ocr_par' dir='ltr' id='par_1_7' title="bbox 219 3603 1234 3701">
     <span class='ocr_line' id='line_1_23' title="bbox 219 3603 1234 3701; baseline -0.001 -21"><span class='ocrx_word' id='word_1_152' title='bbox 219 3606 297 3681; x_wconf 87' lang='lat' dir='ltr'>Dies</span> <span class='ocrx_word' id='word_1_153' title='bbox 323 3628 392 3680; x_wconf 90' lang='lat' dir='ltr'>una</span> <span class='ocrx_word' id='word_1_154' title='bbox 416 3605 503 3678; x_wconf 92' lang='lat' dir='ltr'>bene</span> <span class='ocrx_word' id='word_1_155' title='bbox 524 3614 697 3678; x_wconf 89' lang='lat' dir='ltr'>moratum</span> <span class='ocrx_word' id='word_1_156' title='bbox 726 3612 760 3678; x_wconf 89' lang='lat' dir='ltr'>et</span> <span class='ocrx_word' id='word_1_157' title='bbox 784 3627 882 3701; x_wconf 88' lang='lat' dir='ltr'>paene</span> <span class='ocrx_word' id='word_1_158' title='bbox 906 3603 968 3679; x_wconf 85' lang='lat' dir='ltr'>feri</span> <span class='ocrx_word' id='word_1_159' title='bbox 989 3603 1118 3701; x_wconf 80' lang='lat' dir='ltr'>ingenii</span> <span class='ocrx_word' id='word_1_160' title='bbox 1144 3607 1234 3679; x_wconf 89' lang='lat' dir='ltr'>ado-</span> 
     </span>
    </p>
   </div>
   <div class='ocr_carea' id='block_1_7' title="bbox 171 3863 1237 4410">
    <p class='ocr_par' dir='ltr' id='par_1_8' title="bbox 171 3863 1237 4251">
     <span class='ocr_line' id='line_1_24' title="bbox 204 3863 1235 3932; baseline 0 -17"><span class='ocrx_word' id='word_1_161' title='bbox 204 3865 237 3930; x_wconf 82' lang='lat' dir='ltr'>(l)</span> <span class='ocrx_word' id='word_1_162' title='bbox 253 3866 378 3932; x_wconf 80' lang='lat' dir='ltr'>Epidicus,</span> <span class='ocrx_word' id='word_1_163' title='bbox 393 3868 412 3926; x_wconf 89' lang='lat' dir='ltr'>l,</span> <span class='ocrx_word' id='word_1_164' title='bbox 428 3865 450 3914; x_wconf 96' lang='grc'>1.</span> <span class='ocrx_word' id='word_1_165' title='bbox 461 3892 492 3902; x_wconf 93' lang='grc'>-</span> <span class='ocrx_word' id='word_1_166' title='bbox 503 3866 571 3914; x_wconf 88' lang='lat' dir='ltr'>Parei</span> <span class='ocrx_word' id='word_1_167' title='bbox 586 3865 720 3914; x_wconf 88' lang='lat' dir='ltr'>editionem</span> <span class='ocrx_word' id='word_1_168' title='bbox 729 3863 810 3928; x_wconf 79' lang='grc'>(1619)</span> <span class='ocrx_word' id='word_1_169' title='bbox 822 3868 920 3913; x_wconf 86' lang='lat' dir='ltr'>secutus</span> <span class='ocrx_word' id='word_1_170' title='bbox 931 3880 993 3925; x_wconf 87' lang='lat' dir='ltr'>snm,</span> <span class='ocrx_word' id='word_1_171' title='bbox 1005 3879 1060 3927; x_wconf 78' lang='lat' dir='ltr'>quae</span> <span class='ocrx_word' id='word_1_172' title='bbox 1072 3867 1110 3914; x_wconf 89' lang='lat' dir='ltr'>vel</span> <span class='ocrx_word' id='word_1_173' title='bbox 1120 3867 1146 3915; x_wconf 89' lang='lat' dir='ltr'>in</span> <span class='ocrx_word' id='word_1_174' title='bbox 1158 3869 1235 3927; x_wconf 82' lang='lat' dir='ltr'>tcxln,</span> 
     </span>
     <span class='ocr_line' id='line_1_25' title="bbox 172 3945 1236 4007; baseline -0.001 -11"><span class='ocrx_word' id='word_1_175' title='bbox 172 3950 210 3996; x_wconf 88' lang='lat' dir='ltr'>vel</span> <span class='ocrx_word' id='word_1_176' title='bbox 221 3949 246 3995; x_wconf 92' lang='lat' dir='ltr'>in</span> <span class='ocrx_word' id='word_1_177' title='bbox 256 3949 321 3997; x_wconf 90' lang='lat' dir='ltr'>nolis</span> <span class='ocrx_word' id='word_1_178' title='bbox 337 3948 429 3996; x_wconf 90' lang='lat' dir='ltr'>criticis</span> <span class='ocrx_word' id='word_1_179' title='bbox 442 3947 533 3996; x_wconf 83' lang='lat' dir='ltr'>Veteris</span> <span class='ocrx_word' id='word_1_180' title='bbox 542 3946 638 3994; x_wconf 82' lang='lat' dir='ltr'>Codicis</span> <span class='ocrx_word' id='word_1_181' title='bbox 654 3945 799 4007; x_wconf 86' lang='lat' dir='ltr'>scripturam</span> <span class='ocrx_word' id='word_1_182' title='bbox 810 3945 919 4004; x_wconf 85' lang='lat' dir='ltr'>exbibet,</span> <span class='ocrx_word' id='word_1_183' title='bbox 929 3959 974 3992; x_wconf 85' lang='lat' dir='ltr'>nuc</span> <span class='ocrx_word' id='word_1_184' title='bbox 983 3946 1130 4007; x_wconf 81' lang='lat' dir='ltr'>praetermisi</span> <span class='ocrx_word' id='word_1_185' title='bbox 1141 3946 1236 3995; x_wconf 85' lang='lat' dir='ltr'>subulas</span> 
     </span>
     <span class='ocr_line' id='line_1_26' title="bbox 173 4025 1236 4090; baseline -0.001 -14"><span class='ocrx_word' id='word_1_186' title='bbox 173 4029 238 4076; x_wconf 90' lang='lat' dir='ltr'>haud</span> <span class='ocrx_word' id='word_1_187' title='bbox 254 4029 288 4076; x_wconf 88' lang='lat' dir='ltr'>ita</span> <span class='ocrx_word' id='word_1_188' title='bbox 302 4029 396 4090; x_wconf 87' lang='lat' dir='ltr'>pridem</span> <span class='ocrx_word' id='word_1_189' title='bbox 407 4029 484 4076; x_wconf 85' lang='lat' dir='ltr'>editas</span> <span class='ocrx_word' id='word_1_190' title='bbox 499 4026 629 4087; x_wconf 86' lang='lat' dir='ltr'>inspicere,</span> <span class='ocrx_word' id='word_1_191' title='bbox 643 4040 684 4074; x_wconf 87' lang='lat' dir='ltr'>eas</span> <span class='ocrx_word' id='word_1_192' title='bbox 697 4026 834 4088; x_wconf 88' lang='lat' dir='ltr'>praesertim</span> <span class='ocrx_word' id='word_1_193' title='bbox 850 4039 910 4085; x_wconf 88' lang='lat' dir='ltr'>quas</span> <span class='ocrx_word' id='word_1_194' title='bbox 921 4025 1017 4074; x_wconf 87' lang='lat' dir='ltr'>Ritscbl</span> <span class='ocrx_word' id='word_1_195' title='bbox 1031 4041 1062 4075; x_wconf 88' lang='lat' dir='ltr'>ex</span> <span class='ocrx_word' id='word_1_196' title='bbox 1078 4028 1236 4075; x_wconf 80' lang='lat' dir='ltr'>Ambrosiano</span> 
     </span>
     <span class='ocr_line' id='line_1_27' title="bbox 173 4106 1237 4163; baseline 0.001 -7"><span class='ocrx_word' id='word_1_197' title='bbox 173 4108 257 4156; x_wconf 87' lang='lat' dir='ltr'>codice</span> <span class='ocrx_word' id='word_1_198' title='bbox 272 4109 402 4157; x_wconf 81' lang='lat' dir='ltr'>recensuit.</span> <span class='ocrx_word' id='word_1_199' title='bbox 419 4112 453 4157; x_wconf 81' lang='lat' dir='ltr'>lte</span> <span class='ocrx_word' id='word_1_200' title='bbox 463 4107 581 4156; x_wconf 87' lang='lat' dir='ltr'>Plautinis</span> <span class='ocrx_word' id='word_1_201' title='bbox 596 4107 723 4156; x_wconf 88' lang='lat' dir='ltr'>codicibus</span> <span class='ocrx_word' id='word_1_202' title='bbox 730 4106 930 4163; x_wconf 80' lang='lat' dir='ltr'>videllitachl,l.</span> <span class='ocrx_word' id='word_1_203' title='bbox 941 4106 1103 4158; x_wconf 85' lang='lat' dir='ltr'>llacciPlauti</span> <span class='ocrx_word' id='word_1_204' title='bbox 1119 4107 1237 4157; x_wconf 77' lang='lat' dir='ltr'>Trinum-</span> 
     </span>
     <span class='ocr_line' id='line_1_28' title="bbox 171 4185 704 4251; baseline -0.002 -14"><span class='ocrx_word' id='word_1_205' title='bbox 171 4202 237 4248; x_wconf 82' lang='lat' dir='ltr'>mur‚</span> <span class='ocrx_word' id='word_1_206' title='bbox 249 4189 452 4251; x_wconf 81' lang='lat' dir='ltr'>Prolepomeuort.</span> <span class='ocrx_word' id='word_1_207' title='bbox 466 4188 622 4246; x_wconf 80' lang='lat' dir='ltr'>Elberlelrloe,</span> <span class='ocrx_word' id='word_1_208' title='bbox 636 4185 704 4236; x_wconf 81' lang='grc'>1819.</span> 
     </span>
    </p>

    <p class='ocr_par' dir='ltr' id='par_1_9' title="bbox 205 4266 439 4331">
     <span class='ocr_line' id='line_1_29' title="bbox 205 4266 439 4331; baseline 0.004 -17"><span class='ocrx_word' id='word_1_209' title='bbox 205 4266 238 4331; x_wconf 65' lang='lat' dir='ltr'>(ll</span> <span class='ocrx_word' id='word_1_210' title='bbox 255 4267 360 4330; x_wconf 73' lang='lat' dir='ltr'>Epidio,</span> <span class='ocrx_word' id='word_1_211' title='bbox 375 4269 402 4327; x_wconf 89' lang='lat' dir='ltr'>ll,</span> <span class='ocrx_word' id='word_1_212' title='bbox 416 4268 439 4315; x_wconf 93' lang='lat' dir='ltr'>l.</span> 
     </span>
    </p>

    <p class='ocr_par' dir='ltr' id='par_1_10' title="bbox 205 4346 432 4410">
     <span class='ocr_line' id='line_1_30' title="bbox 205 4346 432 4410; baseline -0.009 -14"><span class='ocrx_word' id='word_1_213' title='bbox 205 4347 239 4410; x_wconf 87' lang='grc'>(3)</span> <span class='ocrx_word' id='word_1_214' title='bbox 256 4347 359 4410; x_wconf 75' lang='lat' dir='ltr'>Epidio,</span> <span class='ocrx_word' id='word_1_215' title='bbox 375 4348 393 4406; x_wconf 93' lang='lat' dir='ltr'>l,</span> <span class='ocrx_word' id='word_1_216' title='bbox 408 4346 432 4395; x_wconf 70' lang='lat' dir='ltr'>b.</span> 
     </span>
    </p>
   </div>
   <div class='ocr_carea' id='block_1_8' title="bbox 0 0 1543 5266">
    <p class='ocr_par' dir='ltr' id='par_1_11' title="bbox 0 0 1543 5266">
     <span class='ocr_line' id='line_1_31' title="bbox 0 0 1543 5266; baseline 0 0"><span class='ocrx_word' id='word_1_217' title='bbox 0 0 1543 5266; x_wconf 95' lang='lat' dir='ltr'> </span> 
     </span>
    </p>
   </div>
  </div>
 </body>
</html>
