<?xml version="1.0" encoding="UTF-8"?>
<!DOCTYPE html PUBLIC "-//W3C//DTD XHTML 1.0 Transitional//EN"
    "http://www.w3.org/TR/xhtml1/DTD/xhtml1-transitional.dtd">
<html xmlns="http://www.w3.org/1999/xhtml" xml:lang="en" lang="en">
 <head>
  <title>
</title>
<meta http-equiv="Content-Type" content="text/html;charset=utf-8" />
  <meta name='ocr-system' content='tesseract 3.04.00' />
  <meta name='ocr-capabilities' content='ocr_page ocr_carea ocr_par ocr_line ocrx_word'/>
</head>
<body>
  <div class='ocr_page' id='page_1' title='image "./deplautinisette00bertgoog_0013.png"; bbox 0 0 3030 5266; ppageno 0'>
   <div class='ocr_carea' id='block_1_1' title="bbox 303 1293 1423 3026">
    <p class='ocr_par' dir='ltr' id='par_1_1' title="bbox 305 1293 1423 2522">
     <span class='ocr_line' id='line_1_1' title="bbox 356 1293 1367 1370; baseline -0.005 -1"><span class='ocrx_word' id='word_1_1' title='bbox 356 1296 529 1370; x_wconf 85' lang='lat' dir='ltr'>Plautinas</span> <span class='ocrx_word' id='word_1_2' title='bbox 558 1293 688 1366; x_wconf 85' lang='lat' dir='ltr'>fabulas</span> <span class='ocrx_word' id='word_1_3' title='bbox 717 1293 885 1366; x_wconf 86' lang='lat' dir='ltr'>evolventi</span> <span class='ocrx_word' id='word_1_4' title='bbox 922 1293 1073 1367; x_wconf 88' lang='lat' dir='ltr'>occurrit</span> <span class='ocrx_word' id='word_1_5' title='bbox 1102 1293 1367 1367; x_wconf 86' lang='lat' dir='ltr'>adolescentium</span> 
     </span>
     <span class='ocr_line' id='line_1_2' title="bbox 306 1418 1369 1521; baseline -0.003 -26"><span class='ocrx_word' id='word_1_6' title='bbox 306 1421 425 1521; x_wconf 82' lang='lat' dir='ltr'>globus</span> <span class='ocrx_word' id='word_1_7' title='bbox 448 1419 585 1494; x_wconf 86' lang='lat' dir='ltr'>turbido</span> <span class='ocrx_word' id='word_1_8' title='bbox 611 1440 729 1492; x_wconf 90' lang='lat' dir='ltr'>amore</span> <span class='ocrx_word' id='word_1_9' title='bbox 754 1418 1006 1510; x_wconf 81' lang='lat' dir='ltr'><strong>laborantium,</strong></span> <span class='ocrx_word' id='word_1_10' title='bbox 1032 1419 1216 1515; x_wconf 89' lang='lat' dir='ltr'>voluptatis</span> <span class='ocrx_word' id='word_1_11' title='bbox 1245 1420 1369 1492; x_wconf 92' lang='lat' dir='ltr'>misere</span> 
     </span>
     <span class='ocr_line' id='line_1_3' title="bbox 306 1544 1367 1646; baseline -0.006 -24"><span class='ocrx_word' id='word_1_12' title='bbox 306 1547 556 1646; x_wconf 83' lang='lat' dir='ltr'>appetentium,</span> <span class='ocrx_word' id='word_1_13' title='bbox 569 1545 706 1620; x_wconf 92' lang='lat' dir='ltr'>etomni</span> <span class='ocrx_word' id='word_1_14' title='bbox 717 1568 781 1640; x_wconf 93' lang='lat' dir='ltr'>ope</span> <span class='ocrx_word' id='word_1_15' title='bbox 797 1544 978 1619; x_wconf 75' lang='lat' dir='ltr'>nitentium</span> <span class='ocrx_word' id='word_1_16' title='bbox 995 1555 1033 1617; x_wconf 93' lang='lat' dir='ltr'>ut</span> <span class='ocrx_word' id='word_1_17' title='bbox 1047 1568 1203 1642; x_wconf 87' lang='lat' dir='ltr'>eaqnam</span> <span class='ocrx_word' id='word_1_18' title='bbox 1217 1545 1367 1617; x_wconf 86' lang='lat' dir='ltr'>maxima</span> 
     </span>
     <span class='ocr_line' id='line_1_4' title="bbox 305 1657 1423 1768; baseline -0.004 -22"><span class='ocrx_word' id='word_1_19' title='bbox 305 1671 478 1746; x_wconf 85' lang='lat' dir='ltr'>fruantur.</span> <span class='ocrx_word' id='word_1_20' title='bbox 502 1670 633 1758; x_wconf 83' lang='lat' dir='ltr'><strong>Quibus</strong></span> <span class='ocrx_word' id='word_1_21' title='bbox 664 1670 691 1741; x_wconf 91' lang='lat' dir='ltr'>si</span> <span class='ocrx_word' id='word_1_22' title='bbox 711 1669 800 1743; x_wconf 79' lang='lat' dir='ltr'>torte</span> <span class='ocrx_word' id='word_1_23' title='bbox 819 1670 987 1768; x_wconf 83' lang='lat' dir='ltr'>contingit</span> <span class='ocrx_word' id='word_1_24' title='bbox 1011 1681 1047 1743; x_wconf 89' lang='lat' dir='ltr'>ut</span> <span class='ocrx_word' id='word_1_25' title='bbox 1072 1670 1105 1742; x_wconf 94' lang='lat' dir='ltr'>in</span> <span class='ocrx_word' id='word_1_26' title='bbox 1126 1669 1243 1742; x_wconf 92' lang='lat' dir='ltr'>limine</span> <span class='ocrx_word' id='word_1_27' title='bbox 1267 1671 1368 1742; x_wconf 87' lang='lat' dir='ltr'>leno·</span> <span class='ocrx_word' id='word_1_28' title='bbox 1419 1657 1423 1665; x_wconf 44' lang='lat'>&#39;⁷</span> 
     </span>
     <span class='ocr_line' id='line_1_5' title="bbox 306 1793 1367 1884; baseline -0.007 -13"><span class='ocrx_word' id='word_1_29' title='bbox 306 1798 372 1871; x_wconf 87' lang='lat' dir='ltr'>niae</span> <span class='ocrx_word' id='word_1_30' title='bbox 411 1797 534 1871; x_wconf 92' lang='lat' dir='ltr'>domus</span> <span class='ocrx_word' id='word_1_31' title='bbox 571 1795 779 1884; x_wconf 86' lang='lat' dir='ltr'>consistant,</span> <span class='ocrx_word' id='word_1_32' title='bbox 811 1818 855 1868; x_wconf 91' lang='lat' dir='ltr'>ne</span> <span class='ocrx_word' id='word_1_33' title='bbox 879 1793 981 1868; x_wconf 83' lang='lat' dir='ltr'>famae</span> <span class='ocrx_word' id='word_1_34' title='bbox 1010 1818 1094 1869; x_wconf 91' lang='lat' dir='ltr'>cura</span> <span class='ocrx_word' id='word_1_35' title='bbox 1124 1818 1180 1869; x_wconf 91' lang='lat' dir='ltr'>eos</span> <span class='ocrx_word' id='word_1_36' title='bbox 1215 1794 1367 1867; x_wconf 80' lang='lat' dir='ltr'>cohiberi</span> 
     </span>
     <span class='ocr_line' id='line_1_6' title="bbox 306 1920 1371 2021; baseline -0.007 -24"><span class='ocrx_word' id='word_1_37' title='bbox 306 1931 425 2021; x_wconf 83' lang='lat' dir='ltr'>putes3</span> <span class='ocrx_word' id='word_1_38' title='bbox 439 1922 566 2019; x_wconf 78' lang='lat' dir='ltr'>iuopia,</span> <span class='ocrx_word' id='word_1_39' title='bbox 583 1945 650 1995; x_wconf 91' lang='lat' dir='ltr'>non</span> <span class='ocrx_word' id='word_1_40' title='bbox 661 1921 805 2019; x_wconf 90' lang='lat' dir='ltr'>pudore,</span> <span class='ocrx_word' id='word_1_41' title='bbox 823 1920 1140 2018; x_wconf 90' lang='lat' dir='ltr'>probibenturquin</span> <span class='ocrx_word' id='word_1_42' title='bbox 1155 1921 1241 1991; x_wconf 87' lang='lat' dir='ltr'>ultra</span> <span class='ocrx_word' id='word_1_43' title='bbox 1256 1929 1371 1991; x_wconf 81' lang='lat' dir='ltr'>trans-</span> 
     </span>
     <span class='ocr_line' id='line_1_7' title="bbox 305 2043 1369 2145; baseline -0.007 -22"><span class='ocrx_word' id='word_1_44' title='bbox 305 2057 399 2138; x_wconf 84' lang='lat' dir='ltr'>eant,</span> <span class='ocrx_word' id='word_1_45' title='bbox 412 2058 446 2122; x_wconf 93' lang='lat' dir='ltr'>et</span> <span class='ocrx_word' id='word_1_46' title='bbox 461 2049 620 2122; x_wconf 91' lang='lat' dir='ltr'>lenonem</span> <span class='ocrx_word' id='word_1_47' title='bbox 637 2047 746 2145; x_wconf 85' lang='lat' dir='ltr'>magis</span> <span class='ocrx_word' id='word_1_48' title='bbox 763 2070 869 2143; x_wconf 90' lang='lat' dir='ltr'>qnam</span> <span class='ocrx_word' id='word_1_49' title='bbox 887 2069 986 2119; x_wconf 87' lang='lat' dir='ltr'>suam</span> <span class='ocrx_word' id='word_1_50' title='bbox 999 2045 1242 2120; x_wconf 91' lang='lat' dir='ltr'>conscientiam</span> <span class='ocrx_word' id='word_1_51' title='bbox 1259 2043 1369 2117; x_wconf 86' lang='lat' dir='ltr'>reior-</span> 
     </span>
     <span class='ocr_line' id='line_1_8' title="bbox 306 2172 1367 2268; baseline -0.003 -20"><span class='ocrx_word' id='word_1_52' title='bbox 306 2174 450 2248; x_wconf 88' lang='lat' dir='ltr'>midant.</span> <span class='ocrx_word' id='word_1_53' title='bbox 472 2176 555 2247; x_wconf 89' lang='lat' dir='ltr'>AEre</span> <span class='ocrx_word' id='word_1_54' title='bbox 577 2181 693 2247; x_wconf 86' lang='lat' dir='ltr'>autem</span> <span class='ocrx_word' id='word_1_55' title='bbox 717 2172 910 2264; x_wconf 83' lang='lat' dir='ltr'>deficiente,</span> <span class='ocrx_word' id='word_1_56' title='bbox 934 2173 1058 2268; x_wconf 83' lang='lat' dir='ltr'>saepius</span> <span class='ocrx_word' id='word_1_57' title='bbox 1079 2182 1274 2263; x_wconf 87' lang='lat' dir='ltr'>amatorum</span> <span class='ocrx_word' id='word_1_58' title='bbox 1297 2181 1367 2245; x_wconf 88' lang='lat' dir='ltr'>tota</span> 
     </span>
     <span class='ocr_line' id='line_1_9' title="bbox 305 2299 1368 2398; baseline -0.005 -24"><span class='ocrx_word' id='word_1_59' title='bbox 305 2300 394 2398; x_wconf 92' lang='lat' dir='ltr'>perit</span> <span class='ocrx_word' id='word_1_60' title='bbox 405 2323 486 2374; x_wconf 91' lang='lat' dir='ltr'>cum</span> <span class='ocrx_word' id='word_1_61' title='bbox 504 2299 671 2396; x_wconf 79' lang='lat' dir='ltr'>pudicitia</span> <span class='ocrx_word' id='word_1_62' title='bbox 688 2299 848 2397; x_wconf 80' lang='lat' dir='ltr'>dignitas,</span> <span class='ocrx_word' id='word_1_63' title='bbox 863 2299 947 2373; x_wconf 94' lang='lat' dir='ltr'>dum</span> <span class='ocrx_word' id='word_1_64' title='bbox 967 2299 1097 2372; x_wconf 86' lang='lat' dir='ltr'>nuliam</span> <span class='ocrx_word' id='word_1_65' title='bbox 1115 2300 1267 2395; x_wconf 84' lang='lat' dir='ltr'>culpam,</span> <span class='ocrx_word' id='word_1_66' title='bbox 1290 2299 1368 2370; x_wconf 92' lang='lat' dir='ltr'>nnl-</span> 
     </span>
     <span class='ocr_line' id='line_1_10' title="bbox 305 2424 1364 2522; baseline -0.004 -24"><span class='ocrx_word' id='word_1_67' title='bbox 305 2425 379 2499; x_wconf 95' lang='lat' dir='ltr'>lum</span> <span class='ocrx_word' id='word_1_68' title='bbox 397 2425 545 2499; x_wconf 88' lang='lat' dir='ltr'>dedecus</span> <span class='ocrx_word' id='word_1_69' title='bbox 560 2432 733 2515; x_wconf 88' lang='lat' dir='ltr'>recusant,</span> <span class='ocrx_word' id='word_1_70' title='bbox 750 2432 788 2497; x_wconf 93' lang='lat' dir='ltr'>ut</span> <span class='ocrx_word' id='word_1_71' title='bbox 803 2425 1012 2522; x_wconf 86' lang='lat' dir='ltr'>voluptatem</span> <span class='ocrx_word' id='word_1_72' title='bbox 1030 2424 1169 2498; x_wconf 84' lang='lat' dir='ltr'>vetitam</span> <span class='ocrx_word' id='word_1_73' title='bbox 1185 2424 1364 2520; x_wconf 88' lang='lat' dir='ltr'>arripiant.</span> 
     </span>
    </p>

    <p class='ocr_par' dir='ltr' id='par_1_2' title="bbox 303 2548 1368 3026">
     <span class='ocr_line' id='line_1_11' title="bbox 354 2548 1368 2647; baseline -0.003 -25"><span class='ocrx_word' id='word_1_74' title='bbox 354 2549 480 2623; x_wconf 87' lang='lat' dir='ltr'>Multos</span> <span class='ocrx_word' id='word_1_75' title='bbox 502 2548 643 2647; x_wconf 90' lang='lat' dir='ltr'>quidem</span> <span class='ocrx_word' id='word_1_76' title='bbox 668 2549 788 2623; x_wconf 90' lang='lat' dir='ltr'>audire</span> <span class='ocrx_word' id='word_1_77' title='bbox 813 2558 863 2623; x_wconf 92' lang='lat' dir='ltr'>est</span> <span class='ocrx_word' id='word_1_78' title='bbox 891 2550 1086 2624; x_wconf 76' lang='lat' dir='ltr'>uberiorem</span> <span class='ocrx_word' id='word_1_79' title='bbox 1111 2549 1313 2646; x_wconf 89' lang='lat' dir='ltr'>sapientiam</span> <span class='ocrx_word' id='word_1_80' title='bbox 1333 2549 1368 2620; x_wconf 95' lang='lat' dir='ltr'>in</span> 
     </span>
     <span class='ocr_line' id='line_1_12' title="bbox 303 2674 1367 2766; baseline -0.006 -15"><span class='ocrx_word' id='word_1_81' title='bbox 303 2675 519 2751; x_wconf 89' lang='lat' dir='ltr'>sermonibus</span> <span class='ocrx_word' id='word_1_82' title='bbox 529 2675 599 2748; x_wconf 91' lang='lat' dir='ltr'>suis</span> <span class='ocrx_word' id='word_1_83' title='bbox 608 2674 888 2766; x_wconf 76' lang='lat' dir='ltr'>exhibenteS,sed</span> <span class='ocrx_word' id='word_1_84' title='bbox 897 2698 974 2749; x_wconf 90' lang='lat' dir='ltr'>eam</span> <span class='ocrx_word' id='word_1_85' title='bbox 983 2675 1164 2750; x_wconf 84' lang='lat' dir='ltr'>verbosam</span> <span class='ocrx_word' id='word_1_86' title='bbox 1175 2684 1209 2748; x_wconf 90' lang='lat' dir='ltr'>et</span> <span class='ocrx_word' id='word_1_87' title='bbox 1221 2675 1367 2749; x_wconf 91' lang='lat' dir='ltr'>inertem</span> 
     </span>
     <span class='ocr_line' id='line_1_13' title="bbox 303 2798 1368 2900; baseline -0.004 -24"><span class='ocrx_word' id='word_1_88' title='bbox 303 2825 380 2900; x_wconf 86' lang='lat' dir='ltr'>quae</span> <span class='ocrx_word' id='word_1_89' title='bbox 399 2824 468 2875; x_wconf 94' lang='lat' dir='ltr'>non</span> <span class='ocrx_word' id='word_1_90' title='bbox 491 2825 511 2876; x_wconf 93' lang='lat' dir='ltr'>e</span> <span class='ocrx_word' id='word_1_91' title='bbox 536 2800 641 2874; x_wconf 90' lang='lat' dir='ltr'>labris</span> <span class='ocrx_word' id='word_1_92' title='bbox 659 2800 703 2874; x_wconf 84' lang='lat' dir='ltr'>ad</span> <span class='ocrx_word' id='word_1_93' title='bbox 722 2798 813 2875; x_wconf 88' lang='lat' dir='ltr'>facta</span> <span class='ocrx_word' id='word_1_94' title='bbox 841 2806 1004 2889; x_wconf 84' lang='lat' dir='ltr'>transeat,</span> <span class='ocrx_word' id='word_1_95' title='bbox 1022 2824 1169 2898; x_wconf 84' lang='lat' dir='ltr'>quaeque</span> <span class='ocrx_word' id='word_1_96' title='bbox 1190 2801 1307 2875; x_wconf 87' lang='lat' dir='ltr'>odiosa</span> <span class='ocrx_word' id='word_1_97' title='bbox 1325 2800 1368 2872; x_wconf 91' lang='lat' dir='ltr'>sit</span> 
     </span>
     <span class='ocr_line' id='line_1_14' title="bbox 304 2913 1366 3026; baseline -0.006 -23"><span class='ocrx_word' id='word_1_98' title='bbox 304 2950 384 3003; x_wconf 95' lang='lat' dir='ltr'>cum</span> <span class='ocrx_word' id='word_1_99' title='bbox 400 2927 514 3026; x_wconf 91' lang='lat' dir='ltr'>pravis</span> <span class='ocrx_word' id='word_1_100' title='bbox 524 2927 677 3001; x_wconf 92' lang='lat' dir='ltr'>moribus</span> <span class='ocrx_word' id='word_1_101' title='bbox 688 2928 887 3026; x_wconf 87' lang='lat' dir='ltr'>conjuncta.</span> <span class='ocrx_word' id='word_1_102' title='bbox 900 2913 1103 3025; x_wconf 85' lang='lat' dir='ltr'>Suntetiam</span> <span class='ocrx_word' id='word_1_103' title='bbox 1115 2927 1148 3000; x_wconf 94' lang='lat' dir='ltr'>in</span> <span class='ocrx_word' id='word_1_104' title='bbox 1161 2927 1287 3023; x_wconf 89' lang='lat' dir='ltr'>quihus</span> <span class='ocrx_word' id='word_1_105' title='bbox 1297 2949 1366 3000; x_wconf 82' lang='lat' dir='ltr'>noir</span> 
     </span>
    </p>
   </div>
   <div class='ocr_carea' id='block_1_2' title="bbox 298 3177 1367 4409">
    <p class='ocr_par' dir='ltr' id='par_1_3' title="bbox 299 3177 1367 4162">
     <span class='ocr_line' id='line_1_15' title="bbox 304 3177 1367 3275; baseline -0.002 -22"><span class='ocrx_word' id='word_1_106' title='bbox 304 3179 455 3253; x_wconf 88' lang='lat' dir='ltr'>melioris</span> <span class='ocrx_word' id='word_1_107' title='bbox 471 3177 598 3252; x_wconf 89' lang='lat' dir='ltr'>amoris</span> <span class='ocrx_word' id='word_1_108' title='bbox 617 3186 831 3253; x_wconf 83' lang='lat' dir='ltr'>venustatem</span> <span class='ocrx_word' id='word_1_109' title='bbox 854 3179 1106 3275; x_wconf 59' lang='lat' dir='ltr'>deprehendam</span> <span class='ocrx_word' id='word_1_110' title='bbox 1130 3202 1171 3253; x_wconf 92' lang='lat' dir='ltr'>ea</span> <span class='ocrx_word' id='word_1_111' title='bbox 1196 3201 1278 3253; x_wconf 83' lang='lat' dir='ltr'>vero</span> <span class='ocrx_word' id='word_1_112' title='bbox 1305 3201 1367 3252; x_wconf 91' lang='lat' dir='ltr'>ve-</span> 
     </span>
     <span class='ocr_line' id='line_1_16' title="bbox 303 3300 1366 3402; baseline -0.002 -24"><span class='ocrx_word' id='word_1_113' title='bbox 303 3312 421 3378; x_wconf 86' lang='lat' dir='ltr'>nustas</span> <span class='ocrx_word' id='word_1_114' title='bbox 437 3300 623 3402; x_wconf 83' lang='lat' dir='ltr'>quamcito</span> <span class='ocrx_word' id='word_1_115' title='bbox 635 3304 723 3401; x_wconf 88' lang='lat' dir='ltr'>jocis</span> <span class='ocrx_word' id='word_1_116' title='bbox 737 3305 791 3378; x_wconf 85' lang='lat' dir='ltr'>rei</span> <span class='ocrx_word' id='word_1_117' title='bbox 807 3307 974 3401; x_wconf 85' lang='lat' dir='ltr'>protervis</span> <span class='ocrx_word' id='word_1_118' title='bbox 989 3306 1042 3379; x_wconf 87' lang='lat' dir='ltr'>vei</span> <span class='ocrx_word' id='word_1_119' title='bbox 1063 3305 1187 3402; x_wconf 87' lang='lat' dir='ltr'>ineptis</span> <span class='ocrx_word' id='word_1_120' title='bbox 1206 3327 1366 3379; x_wconf 89' lang='lat' dir='ltr'>corrum-</span> 
     </span>
     <span class='ocr_line' id='line_1_17' title="bbox 301 3429 1363 3528; baseline 0 -26"><span class='ocrx_word' id='word_1_121' title='bbox 301 3429 408 3528; x_wconf 86' lang='lat' dir='ltr'>pitur,</span> <span class='ocrx_word' id='word_1_122' title='bbox 428 3437 462 3504; x_wconf 94' lang='lat' dir='ltr'>et</span> <span class='ocrx_word' id='word_1_123' title='bbox 480 3429 523 3503; x_wconf 89' lang='lat' dir='ltr'>ad</span> <span class='ocrx_word' id='word_1_124' title='bbox 537 3429 670 3502; x_wconf 92' lang='lat' dir='ltr'>solitam</span> <span class='ocrx_word' id='word_1_125' title='bbox 682 3429 855 3503; x_wconf 83' lang='lat' dir='ltr'>lasciviam</span> <span class='ocrx_word' id='word_1_126' title='bbox 870 3429 1091 3526; x_wconf 80' lang='lat' dir='ltr'>deprimitur!</span> <span class='ocrx_word' id='word_1_127' title='bbox 1118 3432 1218 3504; x_wconf 88' lang='lat' dir='ltr'>litum</span> <span class='ocrx_word' id='word_1_128' title='bbox 1233 3439 1363 3519; x_wconf 83' lang='lat' dir='ltr'>antem,</span> 
     </span>
     <span class='ocr_line' id='line_1_18' title="bbox 302 3554 1366 3648; baseline 0.002 -21"><span class='ocrx_word' id='word_1_129' title='bbox 302 3577 371 3630; x_wconf 93' lang='lat' dir='ltr'>non</span> <span class='ocrx_word' id='word_1_130' title='bbox 406 3554 586 3629; x_wconf 91' lang='lat' dir='ltr'>indecoros</span> <span class='ocrx_word' id='word_1_131' title='bbox 617 3576 752 3629; x_wconf 87' lang='lat' dir='ltr'>amores</span> <span class='ocrx_word' id='word_1_132' title='bbox 786 3554 981 3646; x_wconf 75' lang='lat' dir='ltr'>foventem,</span> <span class='ocrx_word' id='word_1_133' title='bbox 1005 3580 1069 3631; x_wconf 92' lang='lat' dir='ltr'>nec</span> <span class='ocrx_word' id='word_1_134' title='bbox 1104 3557 1270 3648; x_wconf 79' lang='lat' dir='ltr'>obscena,</span> <span class='ocrx_word' id='word_1_135' title='bbox 1302 3579 1366 3630; x_wconf 89' lang='lat' dir='ltr'>nec</span> 
     </span>
     <span class='ocr_line' id='line_1_19' title="bbox 301 3679 1365 3776; baseline 0 -23"><span class='ocrx_word' id='word_1_136' title='bbox 301 3679 1365 3776; x_wconf 84' lang='lat' dir='ltr'>stultannquameffnndentem,suosaffectnsiervidosimulet</span> 
     </span>
     <span class='ocr_line' id='line_1_20' title="bbox 300 3805 1365 3909; baseline 0.001 -30"><span class='ocrx_word' id='word_1_137' title='bbox 300 3805 425 3903; x_wconf 92' lang='lat' dir='ltr'>pudico</span> <span class='ocrx_word' id='word_1_138' title='bbox 442 3829 600 3881; x_wconf 90' lang='lat' dir='ltr'>sermone</span> <span class='ocrx_word' id='word_1_139' title='bbox 614 3807 944 3909; x_wconf 80' lang='lat' dir='ltr'>efferenteu1‚atque</span> <span class='ocrx_word' id='word_1_140' title='bbox 955 3809 1057 3884; x_wconf 91' lang='lat' dir='ltr'>etiam</span> <span class='ocrx_word' id='word_1_141' title='bbox 1074 3810 1109 3882; x_wconf 96' lang='lat' dir='ltr'>in</span> <span class='ocrx_word' id='word_1_142' title='bbox 1123 3809 1224 3904; x_wconf 88' lang='lat' dir='ltr'>culpa</span> <span class='ocrx_word' id='word_1_143' title='bbox 1234 3808 1365 3906; x_wconf 89' lang='lat' dir='ltr'>aliquid</span> 
     </span>
     <span class='ocr_line' id='line_1_21' title="bbox 301 3930 1362 4032; baseline 0.003 -28"><span class='ocrx_word' id='word_1_144' title='bbox 301 3930 441 4030; x_wconf 86' lang='lat' dir='ltr'>ingenui</span> <span class='ocrx_word' id='word_1_145' title='bbox 463 3941 497 4008; x_wconf 84' lang='lat' dir='ltr'>et</span> <span class='ocrx_word' id='word_1_146' title='bbox 518 3933 704 4008; x_wconf 79' lang='lat' dir='ltr'>verecundi</span> <span class='ocrx_word' id='word_1_147' title='bbox 724 3936 943 4030; x_wconf 79' lang='lat' dir='ltr'>retinentem,</span> <span class='ocrx_word' id='word_1_148' title='bbox 965 3937 1073 4024; x_wconf 85' lang='lat' dir='ltr'>illum,</span> <span class='ocrx_word' id='word_1_149' title='bbox 1091 3935 1246 4032; x_wconf 88' lang='lat' dir='ltr'>inquam,</span> <span class='ocrx_word' id='word_1_150' title='bbox 1272 3933 1362 4030; x_wconf 89' lang='lat' dir='ltr'>apud</span> 
     </span>
     <span class='ocr_line' id='line_1_22' title="bbox 299 4050 1032 4162; baseline 0.004 -30"><span class='ocrx_word' id='word_1_151' title='bbox 299 4050 460 4133; x_wconf 87' lang='lat' dir='ltr'>Plautum</span> <span class='ocrx_word' id='word_1_152' title='bbox 474 4082 542 4133; x_wconf 92' lang='lat' dir='ltr'>non</span> <span class='ocrx_word' id='word_1_153' title='bbox 556 4062 749 4158; x_wconf 86' lang='lat' dir='ltr'>plusquam</span> <span class='ocrx_word' id='word_1_154' title='bbox 765 4064 871 4137; x_wconf 92' lang='lat' dir='ltr'>semel</span> <span class='ocrx_word' id='word_1_155' title='bbox 891 4064 1032 4162; x_wconf 89' lang='lat' dir='ltr'>reperis.</span> 
     </span>
    </p>

    <p class='ocr_par' dir='ltr' id='par_1_4' title="bbox 298 4184 1363 4409">
     <span class='ocr_line' id='line_1_23' title="bbox 348 4184 1363 4284; baseline 0 -26"><span class='ocrx_word' id='word_1_156' title='bbox 348 4185 594 4281; x_wconf 85' lang='lat' dir='ltr'>Stratippocles</span> <span class='ocrx_word' id='word_1_157' title='bbox 612 4186 646 4258; x_wconf 93' lang='lat' dir='ltr'>in</span> <span class='ocrx_word' id='word_1_158' title='bbox 665 4188 810 4284; x_wconf 78' lang='lat' dir='ltr'>Epidico</span> <span class='ocrx_word' id='word_1_159' title='bbox 823 4189 1012 4264; x_wconf 88' lang='lat' dir='ltr'>infidusest</span> <span class='ocrx_word' id='word_1_160' title='bbox 1026 4197 1172 4274; x_wconf 79' lang='lat' dir='ltr'>amator,</span> <span class='ocrx_word' id='word_1_161' title='bbox 1194 4187 1305 4260; x_wconf 91' lang='lat' dir='ltr'>malns</span> <span class='ocrx_word' id='word_1_162' title='bbox 1318 4184 1363 4258; x_wconf 82' lang='lat' dir='ltr'>fi·-</span> 
     </span>
     <span class='ocr_line' id='line_1_24' title="bbox 298 4306 1363 4409; baseline 0.002 -28"><span class='ocrx_word' id='word_1_163' title='bbox 298 4306 376 4402; x_wconf 90' lang='lat' dir='ltr'>lius,</span> <span class='ocrx_word' id='word_1_164' title='bbox 397 4309 539 4408; x_wconf 84' lang='lat' dir='ltr'>ignavus</span> <span class='ocrx_word' id='word_1_165' title='bbox 556 4311 663 4386; x_wconf 86' lang='lat' dir='ltr'>miles.</span> <span class='ocrx_word' id='word_1_166' title='bbox 684 4314 834 4401; x_wconf 84' lang='lat' dir='ltr'>Qunme</span> <span class='ocrx_word' id='word_1_167' title='bbox 854 4314 943 4389; x_wconf 91' lang='lat' dir='ltr'>bello</span> <span class='ocrx_word' id='word_1_168' title='bbox 958 4313 1142 4388; x_wconf 88' lang='lat' dir='ltr'>revertitur</span> <span class='ocrx_word' id='word_1_169' title='bbox 1154 4312 1274 4409; x_wconf 84' lang='lat' dir='ltr'>praeda</span> <span class='ocrx_word' id='word_1_170' title='bbox 1290 4334 1363 4384; x_wconf 92' lang='lat' dir='ltr'>ma-</span> 
     </span>
    </p>
   </div>
   <div class='ocr_carea' id='block_1_3' title="bbox 0 0 1520 5266">
    <p class='ocr_par' dir='ltr' id='par_1_5' title="bbox 0 0 1520 5266">
     <span class='ocr_line' id='line_1_25' title="bbox 0 0 1520 5266; baseline 0 2"><span class='ocrx_word' id='word_1_171' title='bbox 0 0 1520 5266; x_wconf 95' lang='lat' dir='ltr'> </span> 
     </span>
    </p>
   </div>
  </div>
 </body>
</html>
