3030 5266
665 564 821 624 ,58-

214 705 323 771 tutam
354 721 471 774 amare
497 700 571 798 jam
598 723 665 775 non
693 700 869 775 sustinent.
892 701 1021 801 ¹(tuum
1047 699 1090 775 de
1126 701 1184 775 illa
1211 700 1282 775 dici

216 823 380 922 intelligat
395 848 471 922 quae
498 827 605 924 Syrus
629 824 671 901 de
693 825 844 924 quadam
867 826 1031 925 opulenta
1055 834 1090 902 ot
1113 836 1283 923 corrupta

216 950 1282 1049 meretriceloquitur,subitodolorcpcroitus,amicam,quam

216 1075 390 1159 infidelem
417 1076 480 1151 sibi
508 1076 619 1176 dogit,
653 1078 831 1155 absentem
864 1078 1068 1176 compellat,
1089 1085 1194 1176 atque
1216 1100 1283 1175 pro

216 1202 316 1275 tantis
341 1202 516 1278 laboribus
540 1204 705 1295 toleratis,
739 1229 802 1303 pro
834 1204 976 1279 inlamia
997 1204 1043 1279 ob
1068 1226 1167 1278 suam
1197 1226 1285 1302 erga

217 1335 349 1424 patrem
381 1329 636 1403 contumaciam
674 1338 852 1427 suscepta,
886 1329 986 1405 talem
1033 1329 1180 1428 gratiam
1219 1328 1284 1402 sibi

218 1449 336 1526 reterri
356 1451 467 1526 uerbis
482 1454 855 1553 miserandisquoritur
879 1481 886 1527 :

720 1681 742 1738 0
755 1680 890 1754 luppiter,
903 1679 1041 1736 ubinamst
1052 1679 1140 1736 fides?

236 1771 305 1830 llum
318 1786 368 1842 ogo
382 1777 494 1844 propter
507 1779 533 1826 te
546 1787 641 1826 errans
654 1772 743 1845 patria
756 1787 836 1827 careo
850 1770 972 1837 demens,
986 1778 1017 1826 tu
1029 1771 1134 1826 interea
1150 1768 1200 1827 loci

236 1857 464 1932 Conlocupletasti
478 1866 515 1928 tc,
529 1859 677 1934 Antiphila,
692 1869 718 1916 et
732 1877 776 1916 me
788 1859 814 1915 iu
828 1860 871 1920 bis
885 1860 1029 1916 deseruisti
1043 1859 1132 1926 malis,

237 1948 351 2025 Propter
372 1965 453 2024 quam
468 1949 496 2005 in
511 1966 616 2007 summa
635 1949 745 2008 infamia
767 1967 826 2029 sum
843 1958 869 2007 et
889 1967 949 2007 meo
964 1948 1035 2027 patri
1051 1948 1142 2007 minus
1162 1965 1223 2004 suni
1240 1949 1288 2005 ob·

1145 2042 1286 2112 [sequeus,

237 2134 339 2206 Quojus
354 2153 426 2192 nunc
440 2136 525 2210 pudet
539 2155 582 2194 mc
598 2148 624 2195 et
637 2138 759 2205 miseret,
775 2138 821 2212 qui
834 2138 932 2194 barum
945 2153 1036 2193 mores
1048 2135 1174 2194 cantabat
1187 2130 1267 2201 mibi,

238 2223 372 2282 Monuisse
382 2227 500 2295 trustra,
512 2246 600 2301 neque
611 2245 672 2284 eum
684 2227 804 2301 potuisse
816 2245 945 2302 umquam
956 2228 1051 2284 abbae
1063 2242 1105 2282 me
1120 2221 1267 2299 aspellere.

238 2314 314 2380 Quod
326 2326 416 2372 tamen
426 2335 496 2374 nunc
505 2317 600 2374 faciam
613 2337 619 2374 :
631 2326 700 2385 tum,
711 2334 792 2390 quom
803 2325 910 2390 gratum
921 2316 986 2373 mibi
998 2332 1058 2373 esse
1068 2313 1167 2390 potuit,
1179 2311 1267 2369 nolui.

237 2405 347 2464 Nemost
359 2405 486 2464 miserior
499 2425 550 2465 me.

222 2620 351 2696 Herrrm
365 2617 449 2694 falso
467 2619 591 2694 timore
609 2618 824 2694 laborantem
842 2619 947 2716 Syrus
967 2624 1060 2692 certo
1087 2611 1285 2690 testimonio

223 2766 378 2820 recreare
387 2742 544 2831 festinat3
559 2743 768 2841 Antiphilam
783 2742 877 2817 enim
891 2742 1143 2837 inexspectatus
1155 2737 1283 2822 invisit,

222 2870 450 2968 etejusvitam
465 2880 498 2945 et
512 2870 652 2945 virtutes
663 2869 759 2968 quasi
773 2862 1284 2966 deprehensasbacsueuissima

223 2996 358 3094 pictura
372 2994 534 3072 describit
549 3026 556 3068 :

649 3192 708 3247 lam
719 3191 837 3265 primurn
849 3189 979 3255 omnium,

297 3285 344 3343 lfbi
359 3291 468 3341 ventum
482 3280 517 3338 ad
531 3281 598 3338 aedis
612 3289 664 3349 est,
681 3280 780 3336 Dromo
795 3278 883 3354 pultat
897 3278 982 3333 foris:

295 3380 369 3434 dnus
382 3373 505 3450 spondam
519 3371 626 3446 prodit:
642 3371 701 3427 lime
711 3370 759 3425 ubi
772 3368 879 3443 aperuit
892 3367 1003 3433 ostium,

296 3464 430 3522 tlontinuo
443 3462 487 3519 bic
500 3479 529 3518 se
541 3461 658 3534 conjecit
671 3460 752 3527 intro,
767 3474 818 3532 ego
831 3472 1000 3530 consequor:

296 3558 369 3612 dnus
381 3554 484 3609 loribus
501 3552 576 3608 obdit
590 3550 740 3624 pessulum,
754 3549 788 3606 ad
801 3549 890 3605 lanam
902 3545 983 3602 redit.

297 3647 347 3703 Hic
359 3645 423 3702 sciri
436 3643 523 3718 potuit
538 3651 585 3699 aut
597 3658 729 3714 nusquam
743 3637 818 3705 alibi,
834 3636 931 3704 Clinia,

299 3742 355 3805 tluo
371 3736 460 3793 studio
476 3735 558 3792 vitam
573 3749 650 3789 suam
666 3739 692 3788 te
705 3730 818 3786 absente
831 3725 963 3798 exegerit,

298 3827 348 3884 Ubi
365 3827 398 3882 dc
414 3825 579 3900 inprovisost
592 3823 776 3878 interventum
791 3816 918 3874 mulieri:

298 3917 364 3973 Nam
377 3933 409 3972 ca
422 3933 466 3972 res
479 3914 554 3970 dedit
566 3921 623 3970 tum
636 3907 815 3968 existumandi
827 3906 932 3981 copiam

298 4005 445 4063 Cotidianae
460 4004 521 4060 vitm
536 3999 769 4066 consuetudinem,

299 4097 363 4163 Qum
376 4094 529 4168 quojusque
543 4091 683 4164 ingenium
697 4096 727 4145 ut
739 4089 772 4145 sit
783 4085 904 4144 declarat
916 4098 1050 4140 maxume.

300 4187 447 4242 Texentem
461 4181 543 4238 telam
559 4179 680 4238 studiose
695 4178 782 4251 ipsam
798 4175 969 4241 offendimus,

300 4271 472 4330 llcdioeriter
483 4269 608 4327 vestitam
620 4276 695 4325 reste
708 4265 827 4339 lugubri,

301 4364 376 4437 (Ejus
389 4361 468 4417 unlus
481 4376 571 4429 euersa,
586 4359 692 4433 opinor,
709 4374 769 4430 quw
784 4362 842 4410 erat
858 4354 974 4422 rnortun)
