3030 5266
553 615 712 672 ..μμ

97 750 365 844 exprobrantem
385 745 478 843 quod
497 745 655 821 licentius
673 770 755 821 cum
774 746 958 836 Bacchide,
982 747 1067 822 t'ulso
1084 771 1167 822 cre-

99 872 171 947 dita
188 871 307 948 Ctiaiae
327 871 454 960 amice,
470 872 592 969 egerit,
611 872 657 946 ita
676 872 865 972 interrogat
894 898 902 944 :
935 903 950 938 a
964 875 1038 947 Non
1061 895 1168 948 acoe-

100 997 182 1072 dam
201 997 244 1072 ad
263 997 396 1072 illust»
424 997 485 1072 Cui
516 997 696 1074 salsissime
724 1008 856 1095 pater:
895 998 1013 1085 «Eho,
1035 1022 1167 1096 quaese,

101 1146 171 1198 arra
185 1121 378 1199 accedundi
394 1123 500 1197 riast‘l
511 1156 525 1189 a

150 1249 402 1348 Argumentum
417 1248 581 1323 Eunuchi
589 1248 806 1324 verecundiae
816 1249 1064 1348 linesproiecto
1076 1259 1170 1325 tran·

101 1375 157 1462 sit,
180 1383 215 1449 et
237 1373 314 1450 ideo
340 1373 588 1472 spectatoribus
614 1374 765 1449 maxime
792 1375 919 1472 placuit
939 1375 985 1472 (l)
999 1404 1008 1464 ;
1035 1377 1172 1451 'lerea-
1218 1379 1222 1384 '

103 1500 172 1574 tius
196 1508 326 1587 tomen,
357 1499 515 1597 quamuis
537 1498 778 1598 suffragiorum
805 1501 1056 1598 captandorum
1081 1502 1170 1576 riam
1338 1478 1343 1488 ¹

104 1625 326 1702 certissimam
354 1626 552 1714 invenisset,
574 1626 705 1700 nullum
728 1626 833 1700 aliam
862 1626 1017 1725 ejusdem
1040 1628 1175 1726 generis

104 1752 257 1826 tabulam
270 1751 392 1840 edidit,
407 1758 510 1850 atque
520 1751 624 1826 etiam
639 1751 674 1823 ia
691 1750 812 1842 hac,ut
829 1761 931 1828 antea
944 1752 1171 1843 ostendimus,

105 1901 148 1952 ex
175 1876 381 1976 ancipitibus
408 1876 492 1951 locis
513 1875 599 1952 adeo
618 1876 702 1951 scite
721 1899 795 1952 sese
817 1877 1004 1975 expedivit,
1037 1887 1073 1952 ut
1105 1902 1173 1953 nou

106 2003 222 2076 mirari
238 2025 306 2077 non
323 2002 491 2100 possimus
509 2025 615 2099 quam
634 2000 779 2078 feliciter
797 2003 954 2100 scopulos
969 2003 1090 2077 raserit
1114 2027 1177 2079 uec

104 2129 221 2202 allisus
250 2128 365 2204 luerit.
383 2128 542 2202 Plautum
573 2108 665 2228 dage
698 2128 907 2201 Eunuchum
936 2152 957 2202 a
986 2128 1176 2203 Menandro

106 2254 381 2343 transferentem,
403 2261 438 2327 ut
452 2253 527 2351 ejus
541 2252 732 2350 petulantia
749 2277 811 2352 per
832 2275 994 2350 cenapum
1015 2262 1175 2350 apertum

103 2379 273 2478 erupisset
284 2388 387 2476 atqua
405 2386 549 2477 evagata
563 2376 695 2452 luisset!
724 2378 764 2451 lu
786 2379 947 2453 Terentio
970 2387 1086 2454 autam
1115 2404 1178 2453 nac

105 2505 261 2594 Chaerea,
281 2527 346 2579 nec
359 2505 368 2576 i
373 2526 432 2601 pse
449 2503 601 2579 Chaereae
617 2526 733 2578 servus
745 2502 788 2578 ad
809 2503 961 2600 impuros
971 2504 1067 2603 jocos
1084 2504 1180 2579 dela-

106 2631 254 2719 buntur,
276 2641 310 2703 ct
327 2629 494 2727 pudicum
512 2637 622 2726 pcetae
646 2629 824 2728 ingenium
850 2629 1050 2726 spurcitiam
1076 2653 1180 2728 argu·

105 2765 222 2830 mento
239 2754 374 2829 insitam
393 2754 490 2852 quasi
510 2754 615 2828 vincit
630 2755 832 2850 salvumque
847 2755 988 2828 exsistit.

153 2883 222 2957 Nee
237 2890 373 2954 tentum
396 2901 555 2955 sermone
573 2878 631 2954 sed
654 2877 768 2953 indole
782 2887 816 2954 et
832 2879 985 2953 moribus
1006 2880 1180 2955 Terentia·

106 3030 168 3081 nas
191 3029 355 3105 personas
383 3006 416 3078 iu
444 3004 641 3079 universum
675 3005 875 3101 complexus
908 3004 1072 3078 Plarrtinis
1100 3029 1174 3081 me-

104 3131 206 3206 liores
242 3153 313 3206 esse
344 3129 567 3206 existimabis
586 3130 631 3204 Ut
650 3129 761 3202 Plauti
781 3128 955 3228 ingenium
985 3129 1019 3202 ia
1050 3129 1179 3206 vitiosis

104 3230 303 3331 hominibus
345 3254 570 3355 depingendis
613 3254 761 3330 maximo
810 3264 963 3330 versatur
1002 3265 1036 3330 ct
1082 3256 1178 3354 quasi

105 3380 308 3478 delectatur,
338 3381 384 3453 ita
412 3380 562 3456 Terentii
591 3379 632 3454 ad
660 3379 839 3454 meliorem
863 3379 1028 3454 humanae
1050 3389 1182 3453 naturae

107 3514 239 3602 partem
268 3504 499 3603 effingendam
527 3514 578 3580 est
605 3504 864 3602 pronissimum.
891 3504 1059 3593 Quadam
1083 3503 1184 3579 insita

104 3631 254 3707 Terentii
283 3631 401 3705 auimo
428 3629 625 3728 benignitas
659 3623 693 3703 in
727 3653 846 3703 enarras
882 3651 1045 3726 personas
1068 3628 1112 3702 eh
1142 3653 1183 3703 eu

106 3758 306 3845 delineatas,
331 3765 368 3831 ut
389 3756 436 3829 ita
455 3755 584 3844 dicam,
613 3754 792 3830 redundat.
820 3759 987 3830 Matronae
1007 3776 1075 3829 rron
1102 3765 1181 3829 tan-

109 3892 182 3956 tum
204 3892 307 3957 castae
322 3889 402 3955 sunt
418 3888 452 3954 et
478 3880 663 3955 liberorum
685 3879 941 3968 amantissimae,
960 3879 1018 3954 sad
1044 3879 1185 3954 maritos

141 4153 176 4215 tl)
200 4172 209 4197 n
225 4155 253 4201 Et
265 4156 320 4201 arta
332 4157 369 4201 cst
389 4157 457 4200 tauto
477 4164 593 4200 successu
614 4165 642 4198 ac
661 4151 746 4211 plausu
759 4155 833 4210 atque
845 4147 971 4211 sullragio,
985 4152 1011 4196 ut
1023 4163 1108 4197 rrrraus
1120 4154 1187 4198 esset

106 4234 216 4295 vendita,
239 4240 263 4282 et
278 4239 397 4297 ageretur
412 4233 502 4283 iterum
517 4246 562 4294 pro
582 4245 652 4292 nora,
673 4244 767 4294 proque
786 4245 814 4280 aa
830 4230 946 4292 pretium,
965 4231 1030 4291 quod
1048 4228 1109 4279 nulli
1125 4234 1183 4278 autc

104 4329 190 4379 ipsam
203 4315 313 4365 tabulam
328 4313 504 4377 contigit,octo
518 4313 629 4362 millibus
643 4312 782 4361 sestertium
796 4314 952 4361 nunrararent
964 4314 1051 4374 poete.
1061 4327 1070 4354 n
1082 4309 1182 4372 (Donati

105 4393 221 4457 praefatio
233 4395 260 4445 in
271 4395 440 4457 Erannchnm.)

234 4496 328 4533 narrata.
886 4480 889 4485 '
1035 4480 1049 4526 a
