<?xml version="1.0" encoding="UTF-8"?>
<!DOCTYPE html PUBLIC "-//W3C//DTD XHTML 1.0 Transitional//EN"
    "http://www.w3.org/TR/xhtml1/DTD/xhtml1-transitional.dtd">
<html xmlns="http://www.w3.org/1999/xhtml" xml:lang="en" lang="en">
 <head>
  <title>
</title>
<meta http-equiv="Content-Type" content="text/html;charset=utf-8" />
  <meta name='ocr-system' content='tesseract 3.04.00' />
  <meta name='ocr-capabilities' content='ocr_page ocr_carea ocr_par ocr_line ocrx_word'/>
</head>
<body>
  <div class='ocr_page' id='page_1' title='image "./deplautinisette00bertgoog_0027.png"; bbox 0 0 3030 5266; ppageno 0'>
   <div class='ocr_carea' id='block_1_1' title="bbox 796 529 954 590">
    <p class='ocr_par' dir='ltr' id='par_1_1' title="bbox 796 529 954 590">
     <span class='ocr_line' id='line_1_1' title="bbox 796 529 954 590; baseline 0 -17"><span class='ocrx_word' id='word_1_1' title='bbox 796 529 954 590; x_wconf 69' lang='lat'>-15-</span> 
     </span>
    </p>
   </div>
   <div class='ocr_carea' id='block_1_2' title="bbox 337 659 1411 1133">
    <p class='ocr_par' dir='ltr' id='par_1_2' title="bbox 337 659 1411 1133">
     <span class='ocr_line' id='line_1_2' title="bbox 341 659 1410 763; baseline 0.01 -32"><span class='ocrx_word' id='word_1_2' title='bbox 341 659 483 750; x_wconf 90' lang='lat' dir='ltr'>invenit,</span> <span class='ocrx_word' id='word_1_3' title='bbox 505 659 645 734; x_wconf 89' lang='lat' dir='ltr'>inventa</span> <span class='ocrx_word' id='word_1_4' title='bbox 660 662 792 758; x_wconf 88' lang='lat' dir='ltr'>perficit</span> <span class='ocrx_word' id='word_1_5' title='bbox 806 670 840 736; x_wconf 91' lang='lat' dir='ltr'>et</span> <span class='ocrx_word' id='word_1_6' title='bbox 861 661 904 736; x_wconf 89' lang='lat' dir='ltr'>ad</span> <span class='ocrx_word' id='word_1_7' title='bbox 924 662 1055 736; x_wconf 90' lang='lat' dir='ltr'>bonum</span> <span class='ocrx_word' id='word_1_8' title='bbox 1075 665 1205 738; x_wconf 83' lang='lat' dir='ltr'>exitum</span> <span class='ocrx_word' id='word_1_9' title='bbox 1221 667 1410 763; x_wconf 78' lang='lat' dir='ltr'>perducit,</span> 
     </span>
     <span class='ocr_line' id='line_1_3' title="bbox 339 785 1411 885; baseline 0.007 -27"><span class='ocrx_word' id='word_1_10' title='bbox 339 785 498 859; x_wconf 82' lang='lat' dir='ltr'>Calidoro</span> <span class='ocrx_word' id='word_1_11' title='bbox 534 785 618 858; x_wconf 85' lang='lat' dir='ltr'>nihil</span> <span class='ocrx_word' id='word_1_12' title='bbox 652 787 745 861; x_wconf 91' lang='lat' dir='ltr'>aliud</span> <span class='ocrx_word' id='word_1_13' title='bbox 776 810 883 884; x_wconf 90' lang='lat' dir='ltr'>quam</span> <span class='ocrx_word' id='word_1_14' title='bbox 921 788 1133 885; x_wconf 80' lang='lat' dir='ltr'>percipiente</span> <span class='ocrx_word' id='word_1_15' title='bbox 1166 788 1318 865; x_wconf 87' lang='lat' dir='ltr'>fructum</span> <span class='ocrx_word' id='word_1_16' title='bbox 1359 794 1411 866; x_wconf 92' lang='lat' dir='ltr'>rei</span> 
     </span>
     <span class='ocr_line' id='line_1_4' title="bbox 337 909 1407 1006; baseline 0.007 -24"><span class='ocrx_word' id='word_1_17' title='bbox 337 909 514 985; x_wconf 74' lang='lat' dir='ltr'>conlectae.</span> <span class='ocrx_word' id='word_1_18' title='bbox 534 910 594 984; x_wconf 91' lang='lat' dir='ltr'>Sui</span> <span class='ocrx_word' id='word_1_19' title='bbox 610 911 671 983; x_wconf 86' lang='lat' dir='ltr'>filii</span> <span class='ocrx_word' id='word_1_20' title='bbox 686 912 868 985; x_wconf 80' lang='lat' dir='ltr'>audaciam</span> <span class='ocrx_word' id='word_1_21' title='bbox 894 912 982 987; x_wconf 93' lang='lat' dir='ltr'>ultra</span> <span class='ocrx_word' id='word_1_22' title='bbox 1007 913 1162 1001; x_wconf 87' lang='lat' dir='ltr'>modum,</span> <span class='ocrx_word' id='word_1_23' title='bbox 1188 924 1225 989; x_wconf 91' lang='lat' dir='ltr'>ut</span> <span class='ocrx_word' id='word_1_24' title='bbox 1251 916 1407 1006; x_wconf 83' lang='lat' dir='ltr'>videtur,</span> 
     </span>
     <span class='ocr_line' id='line_1_5' title="bbox 338 1034 1104 1133; baseline 0.004 -26"><span class='ocrx_word' id='word_1_25' title='bbox 338 1034 433 1109; x_wconf 87' lang='lat' dir='ltr'>Simo</span> <span class='ocrx_word' id='word_1_26' title='bbox 446 1037 581 1129; x_wconf 88' lang='lat' dir='ltr'>metuit,</span> <span class='ocrx_word' id='word_1_27' title='bbox 595 1036 662 1110; x_wconf 92' lang='lat' dir='ltr'>hoc</span> <span class='ocrx_word' id='word_1_28' title='bbox 670 1035 842 1133; x_wconf 88' lang='lat' dir='ltr'>judicium</span> <span class='ocrx_word' id='word_1_29' title='bbox 858 1037 901 1111; x_wconf 93' lang='lat' dir='ltr'>de</span> <span class='ocrx_word' id='word_1_30' title='bbox 913 1060 954 1112; x_wconf 87' lang='lat' dir='ltr'>eo</span> <span class='ocrx_word' id='word_1_31' title='bbox 967 1036 1081 1112; x_wconf 87' lang='lat' dir='ltr'>ferens</span> <span class='ocrx_word' id='word_1_32' title='bbox 1096 1066 1104 1110; x_wconf 78' lang='grc' dir='ltr'>ε</span> 
     </span>
    </p>
   </div>
   <div class='ocr_carea' id='block_1_3' title="bbox 477 1248 1041 1502">
    <p class='ocr_par' dir='ltr' id='par_1_3' title="bbox 477 1248 1041 1502">
     <span class='ocr_line' id='line_1_6' title="bbox 477 1248 996 1307; baseline 0.006 -3"><span class='ocrx_word' id='word_1_33' title='bbox 477 1248 503 1304; x_wconf 89' lang='lat' dir='ltr'>Si</span> <span class='ocrx_word' id='word_1_34' title='bbox 519 1249 552 1303; x_wconf 89' lang='lat' dir='ltr'>de</span> <span class='ocrx_word' id='word_1_35' title='bbox 568 1248 705 1304; x_wconf 86' lang='lat' dir='ltr'>damnosis</span> <span class='ocrx_word' id='word_1_36' title='bbox 720 1255 767 1306; x_wconf 92' lang='lat' dir='ltr'>aut</span> <span class='ocrx_word' id='word_1_37' title='bbox 781 1250 814 1305; x_wconf 88' lang='lat' dir='ltr'>de</span> <span class='ocrx_word' id='word_1_38' title='bbox 830 1251 996 1307; x_wconf 84' lang='lat' dir='ltr'>amatoribus</span> 
     </span>
     <span class='ocr_line' id='line_1_7' title="bbox 477 1337 982 1411; baseline 0.008 -19"><span class='ocrx_word' id='word_1_39' title='bbox 477 1337 598 1393; x_wconf 83' lang='lat' dir='ltr'>Dictator</span> <span class='ocrx_word' id='word_1_40' title='bbox 610 1338 657 1394; x_wconf 88' lang='lat' dir='ltr'>liat</span> <span class='ocrx_word' id='word_1_41' title='bbox 669 1355 741 1394; x_wconf 91' lang='lat' dir='ltr'>nunc</span> <span class='ocrx_word' id='word_1_42' title='bbox 752 1339 863 1394; x_wconf 84' lang='lat' dir='ltr'>Athenis</span> <span class='ocrx_word' id='word_1_43' title='bbox 876 1340 982 1411; x_wconf 87' lang='lat' dir='ltr'>Atticis,</span> 
     </span>
     <span class='ocr_line' id='line_1_8' title="bbox 477 1425 1041 1502; baseline 0.011 -22"><span class='ocrx_word' id='word_1_44' title='bbox 477 1425 561 1482; x_wconf 88' lang='lat' dir='ltr'>Nemo</span> <span class='ocrx_word' id='word_1_45' title='bbox 575 1427 719 1483; x_wconf 87' lang='lat' dir='ltr'>antecedat</span> <span class='ocrx_word' id='word_1_46' title='bbox 730 1426 796 1496; x_wconf 91' lang='lat' dir='ltr'>filio,</span> <span class='ocrx_word' id='word_1_47' title='bbox 808 1428 900 1499; x_wconf 85' lang='lat' dir='ltr'>credo,</span> <span class='ocrx_word' id='word_1_48' title='bbox 916 1446 977 1486; x_wconf 88' lang='lat' dir='ltr'>meo</span> <span class='ocrx_word' id='word_1_49' title='bbox 991 1432 1041 1502; x_wconf 82' lang='lat' dir='ltr'>(l).</span> 
     </span>
    </p>
   </div>
   <div class='ocr_carea' id='block_1_4' title="bbox 331 1625 1404 1952">
    <p class='ocr_par' dir='ltr' id='par_1_4' title="bbox 331 1625 1404 1952">
     <span class='ocr_line' id='line_1_9' title="bbox 381 1625 1402 1729; baseline 0.007 -29"><span class='ocrx_word' id='word_1_50' title='bbox 381 1625 559 1700; x_wconf 84' lang='lat' dir='ltr'>Calidorus</span> <span class='ocrx_word' id='word_1_51' title='bbox 592 1649 628 1701; x_wconf 89' lang='lat' dir='ltr'>se</span> <span class='ocrx_word' id='word_1_52' title='bbox 665 1626 768 1700; x_wconf 90' lang='lat' dir='ltr'>tantis</span> <span class='ocrx_word' id='word_1_53' title='bbox 801 1626 957 1724; x_wconf 91' lang='lat' dir='ltr'>partibus</span> <span class='ocrx_word' id='word_1_54' title='bbox 991 1629 1198 1704; x_wconf 88' lang='lat' dir='ltr'>sustinendis</span> <span class='ocrx_word' id='word_1_55' title='bbox 1229 1634 1402 1729; x_wconf 90' lang='lat' dir='ltr'>imparem</span> 
     </span>
     <span class='ocr_line' id='line_1_10' title="bbox 332 1752 1404 1848; baseline 0.007 -23"><span class='ocrx_word' id='word_1_56' title='bbox 332 1752 494 1841; x_wconf 77' lang='lat' dir='ltr'>ostendit,</span> <span class='ocrx_word' id='word_1_57' title='bbox 508 1752 626 1848; x_wconf 90' lang='lat' dir='ltr'>etipse</span> <span class='ocrx_word' id='word_1_58' title='bbox 640 1753 693 1825; x_wconf 92' lang='lat' dir='ltr'>sui</span> <span class='ocrx_word' id='word_1_59' title='bbox 708 1752 797 1828; x_wconf 89' lang='lat' dir='ltr'>bene</span> <span class='ocrx_word' id='word_1_60' title='bbox 810 1753 979 1844; x_wconf 89' lang='lat' dir='ltr'>conscius,</span> <span class='ocrx_word' id='word_1_61' title='bbox 997 1756 1145 1830; x_wconf 87' lang='lat' dir='ltr'>amantis</span> <span class='ocrx_word' id='word_1_62' title='bbox 1158 1766 1295 1830; x_wconf 89' lang='lat' dir='ltr'>tantum</span> <span class='ocrx_word' id='word_1_63' title='bbox 1309 1761 1404 1833; x_wconf 88' lang='lat' dir='ltr'>stul-</span> 
     </span>
     <span class='ocr_line' id='line_1_11' title="bbox 331 1877 717 1952; baseline 0.005 -2"><span class='ocrx_word' id='word_1_64' title='bbox 331 1877 441 1951; x_wconf 89' lang='lat' dir='ltr'>titiam</span> <span class='ocrx_word' id='word_1_65' title='bbox 459 1878 522 1951; x_wconf 89' lang='lat' dir='ltr'>sibi</span> <span class='ocrx_word' id='word_1_66' title='bbox 542 1877 717 1952; x_wconf 87' lang='lat' dir='ltr'>vindicat:</span> 
     </span>
    </p>
   </div>
   <div class='ocr_carea' id='block_1_5' title="bbox 471 2086 1268 2250">
    <p class='ocr_par' dir='ltr' id='par_1_5' title="bbox 471 2086 1268 2250">
     <span class='ocr_line' id='line_1_12' title="bbox 631 2086 1268 2157; baseline 0.009 -16"><span class='ocrx_word' id='word_1_67' title='bbox 631 2086 690 2143; x_wconf 91' lang='lat' dir='ltr'>Non</span> <span class='ocrx_word' id='word_1_68' title='bbox 701 2086 888 2157; x_wconf 88' lang='lat' dir='ltr'>jucundumst,</span> <span class='ocrx_word' id='word_1_69' title='bbox 902 2088 953 2143; x_wconf 90' lang='lat' dir='ltr'>nisi</span> <span class='ocrx_word' id='word_1_70' title='bbox 968 2105 1062 2144; x_wconf 91' lang='lat' dir='ltr'>amans</span> <span class='ocrx_word' id='word_1_71' title='bbox 1073 2089 1138 2145; x_wconf 87' lang='lat' dir='ltr'>facit</span> <span class='ocrx_word' id='word_1_72' title='bbox 1152 2090 1268 2147; x_wconf 86' lang='lat' dir='ltr'>stulte...</span> 
     </span>
     <span class='ocr_line' id='line_1_13' title="bbox 471 2173 1003 2250; baseline 0.004 -20"><span class='ocrx_word' id='word_1_73' title='bbox 471 2173 493 2230; x_wconf 90' lang='lat'>0</span> <span class='ocrx_word' id='word_1_74' title='bbox 508 2175 640 2231; x_wconf 85' lang='lat' dir='ltr'>Pseudole</span> <span class='ocrx_word' id='word_1_75' title='bbox 655 2175 703 2244; x_wconf 91' lang='lat' dir='ltr'>mi,</span> <span class='ocrx_word' id='word_1_76' title='bbox 720 2176 779 2231; x_wconf 88' lang='lat' dir='ltr'>sine</span> <span class='ocrx_word' id='word_1_77' title='bbox 795 2176 845 2232; x_wconf 93' lang='lat' dir='ltr'>sim</span> <span class='ocrx_word' id='word_1_78' title='bbox 861 2176 940 2232; x_wconf 91' lang='lat' dir='ltr'>nihili</span> <span class='ocrx_word' id='word_1_79' title='bbox 955 2177 1003 2250; x_wconf 69' lang='lat'><strong>(2).</strong></span> 
     </span>
    </p>
   </div>
   <div class='ocr_carea' id='block_1_6' title="bbox 329 2354 1400 2579">
    <p class='ocr_par' dir='ltr' id='par_1_6' title="bbox 329 2354 1400 2579">
     <span class='ocr_line' id='line_1_14' title="bbox 378 2354 1400 2458; baseline 0.007 -29"><span class='ocrx_word' id='word_1_80' title='bbox 378 2358 566 2430; x_wconf 89' lang='lat' dir='ltr'>Personam</span> <span class='ocrx_word' id='word_1_81' title='bbox 588 2354 652 2428; x_wconf 91' lang='lat' dir='ltr'>sihi</span> <span class='ocrx_word' id='word_1_82' title='bbox 667 2364 815 2451; x_wconf 80' lang='lat' dir='ltr'>gratam,</span> <span class='ocrx_word' id='word_1_83' title='bbox 833 2356 990 2431; x_wconf 89' lang='lat' dir='ltr'>Pseudoli</span> <span class='ocrx_word' id='word_1_84' title='bbox 1010 2380 1128 2454; x_wconf 86' lang='lat' dir='ltr'>opera,</span> <span class='ocrx_word' id='word_1_85' title='bbox 1145 2360 1317 2456; x_wconf 87' lang='lat' dir='ltr'>suscipere</span> <span class='ocrx_word' id='word_1_86' title='bbox 1332 2385 1400 2458; x_wconf 92' lang='lat' dir='ltr'>po-</span> 
     </span>
     <span class='ocr_line' id='line_1_15' title="bbox 329 2479 1395 2579; baseline 0.004 -23"><span class='ocrx_word' id='word_1_87' title='bbox 329 2490 392 2556; x_wconf 87' lang='lat' dir='ltr'>test</span> <span class='ocrx_word' id='word_1_88' title='bbox 415 2489 449 2555; x_wconf 87' lang='lat' dir='ltr'>et</span> <span class='ocrx_word' id='word_1_89' title='bbox 479 2503 588 2577; x_wconf 88' lang='lat' dir='ltr'>usqne</span> <span class='ocrx_word' id='word_1_90' title='bbox 619 2479 663 2554; x_wconf 91' lang='lat' dir='ltr'>ad</span> <span class='ocrx_word' id='word_1_91' title='bbox 689 2480 816 2553; x_wconf 81' lang='lat' dir='ltr'>labulae</span> <span class='ocrx_word' id='word_1_92' title='bbox 848 2479 967 2571; x_wconf 87' lang='lat' dir='ltr'>finem,</span> <span class='ocrx_word' id='word_1_93' title='bbox 997 2483 1091 2557; x_wconf 93' lang='lat' dir='ltr'>haud</span> <span class='ocrx_word' id='word_1_94' title='bbox 1126 2483 1177 2558; x_wconf 91' lang='lat' dir='ltr'>sni</span> <span class='ocrx_word' id='word_1_95' title='bbox 1205 2485 1395 2579; x_wconf 91' lang='lat' dir='ltr'>dissimilis,</span> 
     </span>
    </p>
   </div>
   <div class='ocr_carea' id='block_1_7' title="bbox 319 2629 1397 3960">
    <p class='ocr_par' dir='ltr' id='par_1_7' title="bbox 326 2629 459 2704">
     <span class='ocr_line' id='line_1_16' title="bbox 326 2629 459 2704; baseline -0.023 -23"><span class='ocrx_word' id='word_1_96' title='bbox 326 2629 459 2704; x_wconf 81' lang='lat' dir='ltr'>gerere.</span> 
     </span>
    </p>

    <p class='ocr_par' dir='ltr' id='par_1_8' title="bbox 319 2731 1397 3960">
     <span class='ocr_line' id='line_1_17' title="bbox 374 2731 1397 2833; baseline 0.005 -27"><span class='ocrx_word' id='word_1_97' title='bbox 374 2736 411 2807; x_wconf 94' lang='lat' dir='ltr'>ln</span> <span class='ocrx_word' id='word_1_98' title='bbox 427 2734 619 2808; x_wconf 77' lang='lat' dir='ltr'>Cistellaria</span> <span class='ocrx_word' id='word_1_99' title='bbox 633 2731 779 2806; x_wconf 82' lang='lat' dir='ltr'>feliciter</span> <span class='ocrx_word' id='word_1_100' title='bbox 793 2732 1046 2808; x_wconf 81' lang='lat' dir='ltr'>Alcesimarcho</span> <span class='ocrx_word' id='word_1_101' title='bbox 1053 2735 1196 2832; x_wconf 82' lang='lat' dir='ltr'>contigit</span> <span class='ocrx_word' id='word_1_102' title='bbox 1206 2737 1249 2809; x_wconf 89' lang='lat' dir='ltr'>ab</span> <span class='ocrx_word' id='word_1_103' title='bbox 1262 2736 1397 2833; x_wconf 87' lang='lat' dir='ltr'>optima</span> 
     </span>
     <span class='ocr_line' id='line_1_18' title="bbox 326 2858 1391 2958; baseline 0.002 -25"><span class='ocrx_word' id='word_1_104' title='bbox 326 2860 436 2958; x_wconf 87' lang='lat' dir='ltr'>puello</span> <span class='ocrx_word' id='word_1_105' title='bbox 449 2859 574 2948; x_wconf 87' lang='lat' dir='ltr'>amari,</span> <span class='ocrx_word' id='word_1_106' title='bbox 591 2882 681 2955; x_wconf 88' lang='lat' dir='ltr'>quae,</span> <span class='ocrx_word' id='word_1_107' title='bbox 698 2881 898 2956; x_wconf 86' lang='lat' dir='ltr'>quanquam</span> <span class='ocrx_word' id='word_1_108' title='bbox 919 2859 971 2930; x_wconf 92' lang='lat' dir='ltr'>sui</span> <span class='ocrx_word' id='word_1_109' title='bbox 998 2858 1078 2932; x_wconf 91' lang='lat' dir='ltr'>boni</span> <span class='ocrx_word' id='word_1_110' title='bbox 1099 2861 1234 2956; x_wconf 80' lang='lat' dir='ltr'>generis</span> <span class='ocrx_word' id='word_1_111' title='bbox 1259 2863 1391 2953; x_wconf 90' lang='lat' dir='ltr'>nescia,</span> 
     </span>
     <span class='ocr_line' id='line_1_19' title="bbox 325 2984 1393 3082; baseline 0.004 -23"><span class='ocrx_word' id='word_1_112' title='bbox 325 3010 442 3060; x_wconf 88' lang='lat' dir='ltr'>sensus</span> <span class='ocrx_word' id='word_1_113' title='bbox 469 2985 638 3082; x_wconf 78' lang='lat' dir='ltr'>ingenuos</span> <span class='ocrx_word' id='word_1_114' title='bbox 666 2984 887 3058; x_wconf 88' lang='lat' dir='ltr'>nihilominus</span> <span class='ocrx_word' id='word_1_115' title='bbox 913 2984 1064 3058; x_wconf 84' lang='lat' dir='ltr'>retinuit.</span> <span class='ocrx_word' id='word_1_116' title='bbox 1090 2986 1135 3059; x_wconf 93' lang='lat' dir='ltr'>Ut</span> <span class='ocrx_word' id='word_1_117' title='bbox 1166 2985 1270 3061; x_wconf 87' lang='lat' dir='ltr'>fidem</span> <span class='ocrx_word' id='word_1_118' title='bbox 1297 2987 1393 3063; x_wconf 90' lang='lat' dir='ltr'>inte-</span> 
     </span>
     <span class='ocr_line' id='line_1_20' title="bbox 325 3108 1392 3206; baseline 0.007 -24"><span class='ocrx_word' id='word_1_119' title='bbox 325 3133 421 3200; x_wconf 82' lang='lat' dir='ltr'>gram</span> <span class='ocrx_word' id='word_1_120' title='bbox 453 3110 628 3183; x_wconf 90' lang='lat' dir='ltr'>Selenium</span> <span class='ocrx_word' id='word_1_121' title='bbox 651 3110 717 3206; x_wconf 74' lang='grc' dir='ltr'>(ὅ),</span> <span class='ocrx_word' id='word_1_122' title='bbox 740 3109 895 3204; x_wconf 89' lang='lat' dir='ltr'>pessimis</span> <span class='ocrx_word' id='word_1_123' title='bbox 924 3108 1071 3182; x_wconf 89' lang='lat' dir='ltr'>consiliis</span> <span class='ocrx_word' id='word_1_124' title='bbox 1099 3112 1256 3206; x_wconf 84' lang='lat' dir='ltr'>repulsis,</span> <span class='ocrx_word' id='word_1_125' title='bbox 1288 3113 1392 3190; x_wconf 88' lang='lat' dir='ltr'>firmo</span> 
     </span>
     <span class='ocr_line' id='line_1_21' title="bbox 324 3234 1386 3331; baseline 0.005 -22"><span class='ocrx_word' id='word_1_126' title='bbox 324 3235 440 3309; x_wconf 92' lang='lat' dir='ltr'>animo</span> <span class='ocrx_word' id='word_1_127' title='bbox 458 3238 591 3308; x_wconf 85' lang='lat' dir='ltr'>tuetur!</span> <span class='ocrx_word' id='word_1_128' title='bbox 611 3258 717 3331; x_wconf 90' lang='lat' dir='ltr'>quam</span> <span class='ocrx_word' id='word_1_129' title='bbox 733 3234 821 3306; x_wconf 91' lang='lat' dir='ltr'>altus</span> <span class='ocrx_word' id='word_1_130' title='bbox 834 3256 932 3306; x_wconf 89' lang='lat' dir='ltr'>amor</span> <span class='ocrx_word' id='word_1_131' title='bbox 945 3234 978 3305; x_wconf 94' lang='lat' dir='ltr'>in</span> <span class='ocrx_word' id='word_1_132' title='bbox 996 3234 1070 3331; x_wconf 91' lang='lat' dir='ltr'>ejus</span> <span class='ocrx_word' id='word_1_133' title='bbox 1089 3244 1225 3331; x_wconf 86' lang='lat' dir='ltr'>pectore</span> <span class='ocrx_word' id='word_1_134' title='bbox 1246 3239 1386 3315; x_wconf 83' lang='lat' dir='ltr'>insidet!</span> 
     </span>
     <span class='ocr_line' id='line_1_22' title="bbox 323 3360 1389 3460; baseline 0.007 -26"><span class='ocrx_word' id='word_1_135' title='bbox 323 3384 392 3460; x_wconf 89' lang='lat' dir='ltr'>qua</span> <span class='ocrx_word' id='word_1_136' title='bbox 417 3360 634 3458; x_wconf 88' lang='lat' dir='ltr'>simplicitate</span> <span class='ocrx_word' id='word_1_137' title='bbox 658 3361 751 3432; x_wconf 91' lang='lat' dir='ltr'>hunc</span> <span class='ocrx_word' id='word_1_138' title='bbox 773 3382 925 3433; x_wconf 84' lang='lat' dir='ltr'>aurorem</span> <span class='ocrx_word' id='word_1_139' title='bbox 954 3361 1083 3455; x_wconf 85' lang='lat' dir='ltr'>aperit!</span> <span class='ocrx_word' id='word_1_140' title='bbox 1114 3385 1220 3458; x_wconf 91' lang='lat' dir='ltr'>quam</span> <span class='ocrx_word' id='word_1_141' title='bbox 1250 3388 1332 3438; x_wconf 91' lang='lat' dir='ltr'>vera</span> <span class='ocrx_word' id='word_1_142' title='bbox 1355 3378 1389 3442; x_wconf 92' lang='lat' dir='ltr'>et</span> 
     </span>
     <span class='ocr_line' id='line_1_23' title="bbox 322 3484 1388 3586; baseline 0.005 -27"><span class='ocrx_word' id='word_1_143' title='bbox 322 3487 439 3560; x_wconf 89' lang='lat' dir='ltr'>suavia</span> <span class='ocrx_word' id='word_1_144' title='bbox 451 3485 619 3584; x_wconf 85' lang='lat' dir='ltr'>loquitur!</span> <span class='ocrx_word' id='word_1_145' title='bbox 633 3487 747 3583; x_wconf 80' lang='lat' dir='ltr'>Longe</span> <span class='ocrx_word' id='word_1_146' title='bbox 763 3492 880 3558; x_wconf 85' lang='lat' dir='ltr'>autem</span> <span class='ocrx_word' id='word_1_147' title='bbox 893 3484 959 3557; x_wconf 89' lang='lat' dir='ltr'>alia</span> <span class='ocrx_word' id='word_1_148' title='bbox 971 3485 1259 3578; x_wconf 81' lang='lat' dir='ltr'>Alcesimarchus,</span> <span class='ocrx_word' id='word_1_149' title='bbox 1269 3514 1388 3586; x_wconf 87' lang='lat' dir='ltr'>quam-</span> 
     </span>
     <span class='ocr_line' id='line_1_24' title="bbox 321 3609 1388 3710; baseline 0.006 -25"><span class='ocrx_word' id='word_1_150' title='bbox 321 3612 370 3685; x_wconf 89' lang='lat' dir='ltr'>vis</span> <span class='ocrx_word' id='word_1_151' title='bbox 388 3635 424 3685; x_wconf 87' lang='lat' dir='ltr'>se</span> <span class='ocrx_word' id='word_1_152' title='bbox 443 3611 571 3707; x_wconf 88' lang='lat' dir='ltr'>pariter</span> <span class='ocrx_word' id='word_1_153' title='bbox 590 3610 712 3684; x_wconf 91' lang='lat' dir='ltr'>ardere</span> <span class='ocrx_word' id='word_1_154' title='bbox 740 3609 926 3684; x_wconf 88' lang='lat' dir='ltr'>contendat</span> <span class='ocrx_word' id='word_1_155' title='bbox 950 3632 1014 3683; x_wconf 92' lang='lat' dir='ltr'>nec</span> <span class='ocrx_word' id='word_1_156' title='bbox 1042 3609 1190 3685; x_wconf 86' lang='lat' dir='ltr'>infidum</span> <span class='ocrx_word' id='word_1_157' title='bbox 1215 3613 1327 3710; x_wconf 89' lang='lat' dir='ltr'>reipsa</span> <span class='ocrx_word' id='word_1_158' title='bbox 1352 3641 1388 3691; x_wconf 93' lang='lat' dir='ltr'>se</span> 
     </span>
     <span class='ocr_line' id='line_1_25' title="bbox 320 3734 1387 3834; baseline 0.005 -25"><span class='ocrx_word' id='word_1_159' title='bbox 320 3744 471 3833; x_wconf 89' lang='lat' dir='ltr'>praestet.</span> <span class='ocrx_word' id='word_1_160' title='bbox 490 3735 598 3832; x_wconf 85' lang='lat' dir='ltr'>Cujus</span> <span class='ocrx_word' id='word_1_161' title='bbox 620 3734 760 3832; x_wconf 91' lang='lat' dir='ltr'>quidem</span> <span class='ocrx_word' id='word_1_162' title='bbox 783 3756 851 3807; x_wconf 94' lang='lat' dir='ltr'>non</span> <span class='ocrx_word' id='word_1_163' title='bbox 877 3735 906 3805; x_wconf 88' lang='lat' dir='ltr'>is</span> <span class='ocrx_word' id='word_1_164' title='bbox 923 3742 974 3808; x_wconf 88' lang='lat' dir='ltr'>est</span> <span class='ocrx_word' id='word_1_165' title='bbox 994 3757 1108 3809; x_wconf 91' lang='lat' dir='ltr'>sermo</span> <span class='ocrx_word' id='word_1_166' title='bbox 1125 3737 1181 3834; x_wconf 92' lang='lat' dir='ltr'>qui</span> <span class='ocrx_word' id='word_1_167' title='bbox 1204 3738 1248 3810; x_wconf 91' lang='lat' dir='ltr'>ab</span> <span class='ocrx_word' id='word_1_168' title='bbox 1270 3741 1387 3814; x_wconf 89' lang='lat' dir='ltr'>animo</span> 
     </span>
     <span class='ocr_line' id='line_1_26' title="bbox 319 3858 1388 3960; baseline 0.004 -24"><span class='ocrx_word' id='word_1_169' title='bbox 319 3861 567 3959; x_wconf 88' lang='lat' dir='ltr'>proficiscatur,</span> <span class='ocrx_word' id='word_1_170' title='bbox 587 3882 656 3935; x_wconf 93' lang='lat' dir='ltr'>non</span> <span class='ocrx_word' id='word_1_171' title='bbox 670 3859 699 3931; x_wconf 92' lang='lat' dir='ltr'>is</span> <span class='ocrx_word' id='word_1_172' title='bbox 711 3859 807 3932; x_wconf 92' lang='lat' dir='ltr'>dolor</span> <span class='ocrx_word' id='word_1_173' title='bbox 822 3858 881 3955; x_wconf 91' lang='lat' dir='ltr'>qui</span> <span class='ocrx_word' id='word_1_174' title='bbox 902 3880 965 3932; x_wconf 93' lang='lat' dir='ltr'>nos</span> <span class='ocrx_word' id='word_1_175' title='bbox 978 3858 1094 3935; x_wconf 88' lang='lat' dir='ltr'>dolere</span> <span class='ocrx_word' id='word_1_176' title='bbox 1115 3872 1226 3960; x_wconf 84' lang='lat' dir='ltr'>cogat.</span> <span class='ocrx_word' id='word_1_177' title='bbox 1242 3863 1388 3940; x_wconf 86' lang='lat' dir='ltr'>Amator</span> 
     </span>
    </p>
   </div>
   <div class='ocr_carea' id='block_1_8' title="bbox 301 4085 1383 4389">
    <p class='ocr_par' dir='ltr' id='par_1_9' title="bbox 301 4085 577 4151">
     <span class='ocr_line' id='line_1_27' title="bbox 301 4085 577 4151; baseline -0.004 -17"><span class='ocrx_word' id='word_1_178' title='bbox 301 4109 303 4113; x_wconf 19' lang='grc' dir='ltr'><em>Α</em></span> <span class='ocrx_word' id='word_1_179' title='bbox 351 4086 384 4151; x_wconf 86' lang='grc'>(1)</span> <span class='ocrx_word' id='word_1_180' title='bbox 403 4085 503 4145; x_wconf 81' lang='lat' dir='ltr'>Pseud,</span> <span class='ocrx_word' id='word_1_181' title='bbox 520 4086 538 4145; x_wconf 92' lang='lat' dir='ltr'>l,</span> <span class='ocrx_word' id='word_1_182' title='bbox 553 4085 577 4133; x_wconf 90' lang='lat'>5.</span> 
     </span>
    </p>

    <p class='ocr_par' dir='ltr' id='par_1_10' title="bbox 350 4163 575 4230">
     <span class='ocr_line' id='line_1_28' title="bbox 350 4163 575 4230; baseline -0.022 -14"><span class='ocrx_word' id='word_1_183' title='bbox 350 4169 383 4230; x_wconf 51' lang='grc' dir='ltr'>(ἲ)</span> <span class='ocrx_word' id='word_1_184' title='bbox 402 4165 501 4224; x_wconf 81' lang='lat' dir='ltr'>Pseud,</span> <span class='ocrx_word' id='word_1_185' title='bbox 517 4166 536 4222; x_wconf 88' lang='lat' dir='ltr'>l,</span> <span class='ocrx_word' id='word_1_186' title='bbox 552 4163 575 4212; x_wconf 91' lang='lat'>3.</span> 
     </span>
    </p>

    <p class='ocr_par' dir='ltr' id='par_1_11' title="bbox 316 4243 1383 4389">
     <span class='ocr_line' id='line_1_29' title="bbox 349 4243 1383 4313; baseline 0 -15"><span class='ocrx_word' id='word_1_187' title='bbox 349 4248 382 4313; x_wconf 84' lang='lat'>(3)</span> <span class='ocrx_word' id='word_1_188' title='bbox 402 4247 537 4306; x_wconf 85' lang='lat' dir='ltr'>Selenium,</span> <span class='ocrx_word' id='word_1_189' title='bbox 559 4258 608 4293; x_wconf 90' lang='lat' dir='ltr'>uon</span> <span class='ocrx_word' id='word_1_190' title='bbox 627 4243 753 4292; x_wconf 87' lang='lat' dir='ltr'>Silenium.</span> <span class='ocrx_word' id='word_1_191' title='bbox 776 4244 848 4290; x_wconf 86' lang='lat' dir='ltr'>llatus</span> <span class='ocrx_word' id='word_1_192' title='bbox 863 4245 944 4292; x_wconf 86' lang='lat' dir='ltr'>Codex</span> <span class='ocrx_word' id='word_1_193' title='bbox 962 4245 1053 4307; x_wconf 86' lang='lat' dir='ltr'>ubique</span> <span class='ocrx_word' id='word_1_194' title='bbox 1067 4245 1118 4293; x_wconf 85' lang='lat' dir='ltr'>sero</span> <span class='ocrx_word' id='word_1_195' title='bbox 1133 4248 1258 4296; x_wconf 81' lang='lat' dir='ltr'>Selenium</span> <span class='ocrx_word' id='word_1_196' title='bbox 1273 4249 1383 4310; x_wconf 64' lang='lat' dir='ltr'>(latreus,</span> 
     </span>
     <span class='ocr_line' id='line_1_30' title="bbox 316 4320 1279 4389; baseline -0.002 -11"><span class='ocrx_word' id='word_1_197' title='bbox 316 4333 386 4383; x_wconf 73' lang='lat' dir='ltr'>Nota</span> <span class='ocrx_word' id='word_1_198' title='bbox 403 4326 515 4389; x_wconf 79' lang='lat' dir='ltr'>criticae).</span> <span class='ocrx_word' id='word_1_199' title='bbox 531 4323 592 4373; x_wconf 83' lang='lat' dir='ltr'>vide</span> <span class='ocrx_word' id='word_1_200' title='bbox 607 4322 776 4384; x_wconf 79' lang='lat' dir='ltr'>praelationem</span> <span class='ocrx_word' id='word_1_201' title='bbox 791 4320 945 4383; x_wconf 75' lang='lat' dir='ltr'>Cistellaria,</span> <span class='ocrx_word' id='word_1_202' title='bbox 961 4324 1197 4388; x_wconf 80' lang='lat' dir='ltr'>Benoist‚Lugduni‚</span> <span class='ocrx_word' id='word_1_203' title='bbox 1210 4327 1279 4377; x_wconf 80' lang='lat'>1863.</span> 
     </span>
    </p>
   </div>
   <div class='ocr_carea' id='block_1_9' title="bbox 0 0 1520 5266">
    <p class='ocr_par' dir='ltr' id='par_1_12' title="bbox 0 0 1520 5266">
     <span class='ocr_line' id='line_1_31' title="bbox 0 0 1520 5266; baseline 0 8"><span class='ocrx_word' id='word_1_204' title='bbox 0 0 1520 5266; x_wconf 95' lang='lat' dir='ltr'> </span> 
     </span>
    </p>
   </div>
  </div>
 </body>
</html>
