3030 5266
576 586 736 648 „33-

123 729 362 817 praeoccupat;
376 743 473 818 paene
486 720 607 795 eadem
619 730 698 796 vota
709 744 774 797 nec
787 722 835 796 ita
849 722 1065 797 dissimilibus
1078 724 1188 799 verbis

124 844 218 931 facit,
248 855 287 920 ut
306 845 487 943 suspiceris
521 846 662 919 latinam
697 846 847 921 fabulam
881 849 932 922 vei
963 849 997 921 in
1033 825 1187 925 nostrum

122 994 318 1046 sermonem
343 983 490 1062 versam,
513 972 566 1046 vel
585 994 607 1044 a
626 972 660 1043 lu
672 973 842 1045 Fonteiae
864 973 989 1048 iterum
1006 983 1188 1050 tractatam

123 1096 244 1194 gallico
262 1097 419 1194 scriptori
438 1119 506 1171 non
521 1097 663 1188 omnino
683 1097 892 1196 incognitam
911 1099 1014 1174 fuisse
1032 1099 1098 1199 (1).

124 1373 253 1431 Cumana
268 1405 301 1416 -
316 1373 518 1430 Ofortunatum
532 1374 614 1430 istum
626 1374 793 1443 eunuchum,
806 1376 852 1447 qui
866 1374 976 1447 quidem
989 1376 1017 1430 in
1030 1375 1099 1432 banc
1111 1378 1192 1434 detur

1048 1464 1170 1534 [domum
1181 1465 1187 1519 !

127 1551 310 1607 Parmeno—
320 1551 388 1616 Quid
400 1552 457 1608 ita?

339 1685 387 1741 Cn.
401 1716 436 1725 —
452 1684 581 1757 Rogitas?
592 1701 700 1740 summa
710 1684 819 1739 fortuna
829 1685 1189 1757 semperconservamdomi

197 1773 314 1843 Videbit,
330 1775 516 1846 conloquatur,
530 1773 618 1830 aderit
630 1791 684 1828 una
696 1773 724 1827 in
737 1773 799 1828 uuis
811 1772 923 1828 aedibus.

198 1864 294 1920 Cibum
316 1881 371 1918 non
393 1881 540 1936 numquam
563 1862 652 1936 capiet
673 1879 734 1918 curn
756 1879 807 1917 ea:
830 1861 968 1918 interdurn
993 1873 1105 1938 propter
1128 1864 1191 1920 dor-

1050 1954 1129 2024 [miet
1143 1954 1189 2024 (2).

176 2098 393 2173 Cherubinus
408 2109 524 2173 autem
541 2099 736 2172 Susannam
749 2098 944 2194 alloquens:

163 2312 229 2368 Mais
245 2330 297 2384 que
310 2321 341 2369 tu
354 2329 383 2368 cs
396 2312 550 2368 heureuse!
568 2312 584 2368 a
598 2321 659 2369 tous
672 2322 807 2368 moments
820 2312 846 2368 la
862 2313 929 2380 vair,
948 2313 987 2368 lui
1005 2312 1107 2386 parler,
1123 2312 1193 2369 l'ha-

127 2401 208 2457 biller
232 2402 258 2457 le
281 2402 365 2458 matin
388 2409 415 2458 et
439 2402 465 2457 ta
490 2401 657 2458 desbabiiler
678 2402 704 2459 le
725 2403 791 2472 soir,
814 2401 922 2476 epingte
937 2402 952 2458 a
967 2401 1107 2475 epingle...
1133 2403 1191 2459 Ab!

127 2489 228 2545 Suzon!
249 2490 278 2562 Je
301 2490 445 2547 donnerais
460 2490 529 2563 (3)...

175 2695 363 2772 Cherubini
401 2720 519 2784 amor,
555 2698 617 2772 etsi
659 2699 837 2789 incensus,
875 2698 1001 2796 aliquid
1032 2707 1190 2775 tenerum

127 2834 161 2896 et
190 2844 294 2896 suave
320 2820 450 2897 redolet
484 2823 575 2918 quod
610 2845 630 2895 a
653 2823 864 2920 promptiore
896 2821 1040 2898 Chaerea
1067 2822 1199 2908 frustra¹

128 2947 283 3045 requiras
310 2976 318 3021 :
349 2947 443 3021 novit
464 2946 578 3036 enim,
604 2946 743 3021 nemine
773 2947 834 3019 nisi
866 2955 992 3021 natura
1026 2947 1190 3037 docente,

128 3073 354 3148 mulierum«
379 3072 499 3146 molles
521 3072 635 3146 aditus
659 3079 695 3146 et
721 3078 879 3169 tempora
895 3101 932 3163 u,
955 3095 1018 3148 nec
1037 3074 1128 3147 ullus
1155 3074 1190 3147 in

128 3199 230 3273 latina
256 3198 371 3273 sabula
400 3198 496 3272 lucus
528 3221 570 3273 ea
589 3197 808 3296 jucunditate
829 3198 1011 3296 adsparsus
1038 3208 1099 3284 est,
1126 3222 1193 3296 qua

128 3346 190 3397 nos
203 3324 350 3399 delectat
364 3323 604 3398 brevissimum
618 3321 724 3421 hujus
738 3323 963 3398 adolescentis
984 3325 1193 3398 verecundia

127 3449 229 3522 simul
256 3449 435 3523 trementis
461 3458 496 3523 et
527 3472 645 3523 amore
674 3447 851 3546 flagrantis
879 3469 960 3522 cum
990 3456 1105 3522 amata
1130 3447 1193 3522 do-

129 3574 224 3648 mina
246 3574 471 3671 colloquium.
490 3575 567 3662 Quo
592 3574 717 3671 leporis
745 3573 912 3671 exquisito
937 3595 1064 3670 genere
1083 3573 1192 3647 victus

161 3815 195 3879 (t)
212 3817 289 3865 Ge'nin
304 3832 353 3866 non
366 3817 464 3866 dubitat
475 3817 534 3877 quin
543 3817 696 3865 Cherubinua
705 3815 808 3878 elepido
822 3815 911 3864 mediae
923 3813 1005 3863 aetatis
1017 3814 1116 3877 scripto,
1128 3817 1192 3876 quod
1250 3876 1253 3881 θ

128 3897 208 3946 tenua
220 3897 249 3946 dc
267 3896 367 3947 Scintre'
380 3897 531 3957 inscribitur,
546 3898 665 3959 repetitus
677 3895 911 3955 tuertttVurtutiuns
925 3893 959 3943 du
968 3893 1073 3956 lanuauc
1083 3894 1193 3956 [reuecta

128 3974 212 4037 depuis
222 3975 245 4024 le
253 3975 383 4036 xtraiecle,
393 3974 569 4038 oiuaataaaa,
579 3977 613 4023 Dc
621 3973 734 4024 Lomenie
749 3975 891 4036 scriptorem
905 3973 1026 4021 cornicum
1040 3973 1120 4035 potius
1128 3974 1193 4021 arbi-

129 4059 208 4101 tratur
229 4056 259 4102 ad
274 4069 324 4104 suae
345 4055 484 4104 fervidioris
505 4056 611 4103 aetatulae
634 4053 821 4102 similitudinem
841 4052 904 4100 banc
922 4064 1051 4113 personam
1070 4050 1193 4102 effinxisse

129 4132 330 4194 (Beuumurcbuia
340 4137 365 4184 et
374 4149 419 4185 soa
430 4137 517 4199 temps,
532 4140 549 4183 t.
561 4135 579 4194 1,
594 4133 671 4194 Paris,
688 4132 776 4197 1858„
791 4146 840 4194 qua
855 4131 955 4194 quidem
965 4129 990 4180 in
1005 4146 1032 4180 re
1048 4132 1118 4194 plura
1134 4131 1193 4179 saei·

129 4213 177 4262 lius
191 4215 305 4278 conjicias
320 4230 392 4277 quarn
408 4229 485 4264 unum
498 4228 631 4264 asseveres.

161 4293 194 4358 (⁹2)
211 4295 288 4356 Eun,
304 4296 334 4354 11,
347 4295 371 4344 3.

161 4375 196 4440 (3)
212 4376 245 4426 Le
258 4375 368 4440 Maricae
382 4376 412 4426 de
425 4375 523 4440 Ficum.
540 4381 593 4425 acte
603 4376 623 4436 1,
637 4388 671 4424 sc.
683 4384 726 4424 un.

256 4477 354 4516 enarra.
