3030 5266
588 619 627 627 —-
649 583 686 644 lu
706 617 746 628 —

157 754 159 758 ⁴
186 719 386 794 laborantis
408 718 514 792 auimi
540 716 782 801 sollicitudines
803 726 837 790 el
857 710 1011 792 miserias
1028 716 1102 792 haec
1119 742 1199 816 puu-

135 845 223 920 l'euiu
237 843 383 920 vividius
397 843 597 942 exprimunt
614 852 635 916 ε’

635 1049 720 1122 igilur
731 1047 870 1104 lmeeiuesl

205 1141 322 1196 Amare?
339 1140 422 1196 Auara
435 1138 562 1195 mavelim
577 1154 659 1211 quam
675 1137 713 1193 sie
728 1154 830 1195 auiare.

851 1373 853 1377 ,
883 1319 931 1376 Ubi

205 1409 375 1481 Voluptatem
391 1407 525 1481 aegritudo
539 1407 638 1475 vincul,
654 1407 720 1480 quid
733 1407 771 1463 ibi
787 1407 858 1464 inest
872 1408 972 1464 ammai
987 1410 1027 1480 (l)
1037 1412 1050 1464 ‘l

182 1627 241 1700 llla
269 1636 385 1700 autem
415 1650 436 1699 a
472 1625 612 1700 veritale
646 1633 779 1698 remota
806 1634 899 1715 suut,
924 1635 1000 1701 uec
1026 1621 1060 1700 iu
1089 1612 1201 1702 lautas

134 1752 304 1850 uvupullas
315 1750 506 1826 effunditur
519 1758 654 1824 amator
671 1751 784 1826 amieo
799 1751 926 1825 malum
944 1751 1103 1827 nuntium
1119 1752 1201 1829 alle·

134 1877 223 1952 veuli
243 1875 453 1975 respondeus
473 1864 491 1950 ε’

206 2100 304 2158 :llumis
318 2108 346 2157 lu
358 2095 469 2173 quidem
481 2100 546 2156 mali
560 2100 586 2154 iu
603 2118 645 2156 me
661 2100 782 2157 audeatis
791 2101 848 2173 jam
864 2100 965 2158 dudum
977 2099 1054 2175 jacis

183 2285 253 2358 Nee
268 2306 369 2357 verus
393 2281 491 2358 dulei·
513 2291 583 2356 lam
612 2276 786 2381 iugeuiuse
811 2281 901 2356 eirea
922 2282 1027 2358 verba
1049 2283 1144 2370 ludit,
1162 2291 1197 2357 ut

135 2410 167 2481 iu
183 2409 236 2482 his
249 2407 426 2484 versibus:

207 2623 238 2678 lli
256 2622 348 2680 oculus
363 2623 491 2679 lacrumae
507 2621 733 2694 antemusium
747 2623 851 2692 ardeat,
872 2622 964 2691 evade,
980 2630 1061 2695 eaput
1076 2622 1123 2693 (ἓ).

606 2801 710 2875 Edepol
726 2818 772 2858 col·
786 2801 920 2858 miserum
934 2766 1045 2870 meum(

204 2889 281 2954 Quod
296 2889 423 2962 gullalim
436 2889 619 2958 contabescit,
633 2888 711 2963 quasi
727 2889 866 2962 inaquam
881 2889 1014 2947 indideris
1031 2889 1116 2946 salem
1129 2889 1178 2960 (3).

183 3079 321 3152 lliuime
343 3078 468 3153 mirum
490 3086 541 3153 est
556 3079 603 3152 ita
619 3080 832 3179 loquentem,
852 3079 956 3175 paule
977 3087 1064 3175 pust,
1088 3100 1196 3176 quum

134 3205 244 3279 varias
264 3205 417 3303 argutius
442 3204 588 3281 seveude
617 3227 715 3279 suum
739 3204 887 3304 amieam
913 3204 1083 3279 obslinalu
1109 3202 1198 3300 pulvi

133 3329 323 3404 subducere
353 3330 557 3420 temavevit,
590 3329 828 3428 desperatione
856 3352 980 3427 pavum
1014 3328 1198 3404 metuenda

133 3454 296 3530 ull'eelum
329 3455 383 3528 iri.
416 3454 664 3553 Relinquenda
698 3455 776 3531 vilae
800 3461 926 3545 carlus,
959 3463 997 3529 ul
1016 3455 1075 3544 ait,
1107 3476 1196 3551 uuo·

132 3582 236 3658 mede
271 3581 442 3678 relinquat
478 3581 603 3666 haeret,
635 3580 729 3655 varie
753 3580 872 3656 mortis
903 3601 1032 3680 genera
1064 3587 1194 3669 versat,

132 3716 178 3792 et,
200 3705 360 3782 omuibus
395 3706 584 3804 perpensis
610 3706 764 3782 exsulare
792 3707 922 3781 mavult
952 3728 1054 3803 quam
1086 3704 1192 3792 movi3

132 3835 347 3907 exsulaturus
369 3841 486 3907 autem
512 3831 636 3906 ilerum
659 3819 825 3923 moratur,
846 3853 956 3928 nuper
980 3853 1084 3928 quam
1101 3853 1180 3905 mur-

132 3967 466 4055 leu1,uulvequam
496 3957 665 4031 civilatem
702 3958 817 4057 eligat,
857 3956 1018 4031 iueevlus.
1054 3955 1195 4029 Exsulal

163 4208 195 4270 (l)
213 4208 298 4265 llere,
310 4209 342 4266 ll,
355 4207 377 4256 3.

163 4288 196 4351 (l)
213 4288 298 4348 llere,
314 4288 358 4346 lll,
372 4286 397 4339 l.
