3030 5266
675 589 831 650 ,35-

223 723 294 797 veri
315 723 447 820 speeies
464 721 652 821 effingitur.
677 722 776 796 Haud
799 722 899 796 aliter
918 719 1087 795 Pbeedriae
1117 720 1285 794 inscitiam

225 858 340 923 monet
358 848 585 922 Parmenonis
603 847 691 922 servi
707 845 914 946 prudentia:

342 1017 406 1082 Qum
422 1018 508 1073 resin
522 1036 552 1073 se
567 1034 657 1091 neque
672 1017 821 1073 consilium
834 1035 923 1091 neque
936 1016 1047 1072 modum

294 1108 380 1163 Habet
396 1106 493 1175 ullum,
508 1124 568 1162 eam
584 1106 698 1162 oonsilio
714 1124 810 1180 regere
825 1124 880 1162 non
895 1114 982 1180 potes

293 1198 322 1252 ln
337 1215 428 1253 amore
444 1198 502 1253 haec
518 1197 610 1253 omnia
623 1198 716 1252 insunt
729 1198 810 1253 vitia:
827 1197 945 1269 injuriae,

295 1286 474 1358 SuspitioneS,
488 1287 649 1353 inimicitiae,
663 1286 786 1355 indutiae,

295 1375 409 1444 Bellum,
425 1394 477 1449 pax
492 1384 601 1432 ‘rursum
615 1395 620 1429 :
635 1377 739 1432 incerta
753 1376 811 1432 haec
825 1377 848 1431 si
862 1384 891 1432 tu
903 1375 1025 1448 postules

294 1464 409 1520 Ratione
423 1473 497 1521 certa
513 1465 614 1533 faeere,
631 1464 686 1521 nilo
702 1464 764 1537 plus
779 1482 855 1537 agas,

295 1554 380 1627 Quam
393 1555 415 1609 si
430 1554 478 1610 des
491 1573 603 1628 operam
615 1564 644 1611 nt
658 1571 719 1611 curn
734 1555 841 1611 ratione
856 1553 986 1610 insanias.

294 1643 328 1698 Et
342 1644 416 1716 quod
431 1661 502 1698 nunc
518 1652 573 1699 tute
588 1651 680 1700 tecum
695 1645 782 1699 iratus
797 1643 902 1717 cogitas

297 1751 310 1787 ‹
326 1732 419 1804 Egone
434 1714 523 1799 illafn,
536 1750 598 1805 quae
613 1733 699 1800 illum,
717 1749 778 1804 quae
793 1749 847 1800 me,
865 1749 926 1804 quae
940 1732 1007 1788 non!
1022 1731 1084 1786 Sine
1095 1731 1196 1799 modo,

295 1821 361 1878 Mori
376 1840 418 1877 me
435 1823 544 1878 malim:
562 1823 661 1878 sentiet
674 1823 722 1895 qui
733 1823 776 1878 sir
789 1822 866 1878 siem.
884 1840 897 1877 )

295 1912 357 1968 Haec
372 1913 457 1968 verba
472 1929 527 1968 una
541 1912 690 1968 mehercle
705 1911 774 1969 falsa
786 1912 940 1979 lacrimula,

295 2001 381 2065 Quam
397 2000 490 2057 oculos
505 2002 620 2057 terendo
635 2001 735 2056 misere
751 2001 793 2056 rix
808 2001 834 2058 ri
850 1999 1024 2074 expresserit,

292 2090 463 2163 hastingum,
480 2099 507 2146 et
519 2098 546 2146 te
559 2090 630 2147 ultro
644 2090 790 2159 accusabit,
806 2098 833 2146 et
848 2089 925 2145 dabis

295 2180 370 2237 Ultro
383 2181 409 2237 ei
423 2180 610 2256 supplicium(
629 2185 649 2254 ).

272 2332 314 2405 Ut
345 2333 536 2408 Dinarchus
564 2356 585 2406 a
616 2334 818 2425 Phronesio,
847 2333 895 2406 sic
924 2356 944 2405 a
971 2330 1105 2405 Thaide
1134 2331 1291 2405 Phaedria

224 2457 383 2554 expulsus
404 2467 476 2552 est,
504 2459 591 2534 alter
619 2469 735 2534 autem
763 2460 886 2533 amicae
911 2458 966 2531 vix
992 2457 1189 2555 apparentis
1211 2457 1289 2553 pul-

223 2582 477 2670 chritudinem,
514 2585 652 2683 injuriae
684 2593 835 2682 acceptae
866 2585 1067 2674 immemor,
1109 2581 1219 2655 inhiat
1257 2591 1291 2656 et

224 2710 366 2782 summis
378 2709 540 2783 laudibus
557 2710 710 2798 extollit3
733 2711 832 2801 alter,
847 2711 916 2784 vim
935 2709 1063 2783 amoris
1078 2708 1289 2807 horrescenti

223 2848 367 2930 corpore
382 2832 570 2924 confessus,
586 2835 622 2907 in
640 2835 758 2909 limine
778 2837 896 2909 saltem
916 2843 1087 2922 moratur,
1107 2841 1141 2906 et
1159 2832 1288 2928 aliquid

223 2959 399 3056 dignitatis
432 2959 569 3034 retinet.
605 2960 705 3034 Nunc
735 2959 875 3033 Thaidis
901 2957 1083 3032 blanditias
1121 2958 1227 3029 iratus
1257 2964 1291 3029 et

225 3084 370 3157 irridens
404 3084 548 3181 accipit3
576 3107 690 3174 nunc,
723 3107 840 3159 amore
865 3084 974 3158 nimio
1000 3083 1129 3173 metm,
1160 3082 1194 3155 in
1228 3081 1290 3155 hos

224 3219 365 3305 questus
381 3209 510 3284 vividos
523 3211 713 3286 etacerbos
726 3212 879 3309 erumpit
894 3235 903 3283 :

507 3381 529 3438 0
544 3383 636 3452 Thais,
652 3382 746 3450 Thais,
762 3381 867 3438 utinam
884 3389 959 3437 esset
973 3380 1040 3436 mibi

294 3466 361 3525 Pars
373 3486 452 3543 aequa
465 3472 567 3527 amoris
581 3480 670 3528 tecum
682 3489 714 3528 ac
729 3471 833 3545 pariter
847 3471 935 3540 fieret,

294 3558 329 3614 Ut
344 3567 392 3615 aut
406 3559 457 3615 boe
470 3560 520 3616 tibi
534 3561 639 3616 doleret
652 3561 747 3617 itidem
760 3569 792 3616 ut
807 3559 874 3615 mihi
887 3559 969 3623 dolet,

294 3649 347 3706 Aut
359 3665 411 3721 ego
425 3648 495 3704 istnc
507 3649 556 3704 abs
568 3656 594 3705 te
607 3649 709 3705 laetum
721 3648 769 3705 nili
784 3647 950 3722 penderem!

189 3809 191 3813 ’
255 3818 289 3883 (l)
306 3820 382 3879 Mum,
399 3820 418 3879 l,
438 3819 460 3868 l.
478 3821 553 3869 Recte
570 3824 677 3870 Donatus
698 3823 738 3870 hic
757 3821 832 3870 refert
850 3823 926 3870 verba
941 3819 1040 3869 Charini
1059 3831 1141 3866 amore
1157 3818 1292 3867 laborantis

223 3902 253 3948 ad
269 3914 365 3948 servum
378 3901 487 3963 Byrriam
499 3900 685 3964 objurgantem:
706 3896 716 3947 a
731 3903 811 3951 Facile
823 3916 916 3961 omnes,
930 3914 1003 3962 quom
1015 3900 1132 3956 valemus,
1147 3903 1214 3947 reeta
1232 3913 1292 3947 con·
1349 3949 1351 3955 ,

223 3981 278 4029 silia
291 3981 390 4043 aegrotis
406 3983 499 4030 damus.
515 3999 525 4027 »
537 3979 653 4045 (Andria,
670 3983 700 4041 ll,
716 3983 750 4045 l.)
763 4010 794 4019 —
805 3985 874 4032 Mune
890 3985 970 4030 locum
985 3982 1015 4027 de
1030 3980 1156 4028 Menandri
1171 3980 1292 4029 Eunucho

222 4064 375 4120 translatum,
387 4064 452 4123 quod
464 4063 574 4111 indicant
587 4062 657 4125 pauci
671 4077 755 4111 versus
768 4078 781 4110 e
793 4077 874 4126 graeea
884 4061 967 4110 fabula
979 4065 1110 4120 exstantes,
1125 4061 1150 4108 in
1161 4061 1255 4108 Horatii
1269 4066 1293 4109 et

196 4201 201 4212 Ι
223 4143 298 4191 Persii
313 4143 394 4190 satiris
408 4143 553 4191 invenimus
569 4143 682 4192 Horatius
694 4145 832 4193 Terentium
844 4142 999 4205 potissimum
1009 4143 1126 4204 sequitur,
1139 4141 1208 4205 cnjus
1219 4144 1293 4191 rerba

222 4237 293 4286 paene
309 4223 469 4281 transcribit;
486 4223 584 4271 Persius
599 4226 681 4270 antem
695 4224 865 4282 Menandrum,
887 4224 949 4271 sicut
968 4226 1090 4271 testantur
1111 4237 1185 4284 quum
1204 4223 1293 4271 veteris

222 4303 363 4364 interpretis
374 4304 457 4363 verba,
471 4307 524 4351 tum
538 4305 741 4352 Menandrearum
751 4312 909 4367 personarum
918 4304 1025 4364 nomina,
1040 4318 1054 4351 a
1065 4303 1178 4352 Terentio
1190 4306 1292 4360 mutata,

222 4384 334 4432 aPersio
349 4382 453 4431 fideliter
468 4390 570 4433 servata.
586 4411 618 4420 -
630 4385 690 4434 Vide
703 4385 773 4446 Han,
784 4377 847 4443 Sat,
862 4386 895 4446 11,
908 4386 937 4445 33
953 4387 1031 4443 Pers,
1046 4381 1110 4444 Sat,
1125 4385 1157 4443 V;
1173 4383 1293 4438 Meineke,

222 4462 365 4522 Menander,
380 4456 513 4528 Εὖνοῦχος.
