3030 5266
674 555 833 618 „3⁹2-

274 696 467 771 hasciviuut
488 697 528 768 ad
550 682 654 768 orele
674 701 810 789 tempus
829 691 1025 766 Terentiam
1055 691 1300 768 adolescentes

221 823 266 897 ad
282 822 408 895 honam
426 818 575 917 frugem,
598 817 709 915 prima
727 816 907 892 occasione
931 815 1022 904 data,
1047 839 1083 891 se
1100 818 1294 914 recepturi.

219 947 372 1021 Chaereae
395 941 535 1042 cupido,
553 967 631 1042 (piae
647 942 716 1018 huo
733 942 815 1018 illuc
829 941 945 1040 vagari
962 952 997 1016 et
1014 941 1106 1016 circa
1119 941 1296 1018 Thaidem

220 1073 327 1169 ipsam
351 1070 470 1145 ludere
494 1069 687 1157 videbatur,
709 1069 742 1141 in
766 1077 860 1144 certo
877 1075 911 1142 el
931 1066 1084 1166 legitimo
1098 1067 1297 1166 Pamphila

220 1219 337 1272 amore
366 1196 511 1271 libenter
543 1194 743 1293 acquiescit.
781 1196 894 1284 Quam
927 1215 1060 1268 servam
1089 1216 1161 1268 esse
1195 1203 1297 1268 ratus

220 1324 411 1410 vitiaverat,
442 1320 499 1394 uhi
528 1321 638 1394 civem
664 1319 816 1418 agnitam
844 1318 1089 1414 luissediscit,
1124 1319 1232 1416 poscit
1257 1319 1294 1392 iu

223 1447 502 1535 matrimonium,
536 1468 601 1521 nec
641 1445 755 1518 nrinns
793 1445 835 1518 ad
870 1445 1008 1543 eulpam
1048 1444 1292 1541 corrigendam

224 1573 362 1648 festinat
387 1593 492 1670 quam
521 1593 630 1668 nuper
651 1569 693 1645 ad
722 1568 987 1655 admittendam,
1016 1591 1153 1666 semper
1170 1569 1294 1644 antimo

224 1698 390 1789 fervidae,
413 1720 506 1772 nunc
522 1706 659 1786 autem,
672 1695 784 1770 officio
803 1716 883 1769 curn
900 1696 1074 1792 voluptate
1086 1696 1289 1793 conjuncto,

224 1822 442 1899 laudabilior.
470 1824 595 1898 Larem
623 1821 735 1919 specie
772 1828 929 1894 naturam
965 1821 1182 1917 capitumet·
1221 1844 1290 1897 non

226 1950 342 2024 minus
370 1956 529 2024 constans
555 1971 659 2047 quam
687 1945 839 2034 subitus;
864 1945 1078 2042 Pamphilam
1105 1947 1197 2020 enim
1228 1948 1292 2021 sihi

230 2099 390 2174 spernam
421 2097 493 2149 esse
529 2075 659 2172 majore
684 2072 787 2148 etiam
817 2070 932 2145 laetitia
968 2070 1149 2166 profitetur
1183 2096 1291 2170 quam

226 2225 336 2298 nuper
348 2200 448 2275 dulce
461 2199 593 2273 lurtum
607 2198 769 2273 narrabat
779 2224 788 2286 ;
805 2218 914 2287 serre,
934 2196 1033 2293 patri,
1049 2195 1210 2287 fortunar,
1227 2198 1294 2272 diis

223 2328 326 2403 etiam
353 2348 507 2400 summas
529 2333 644 2422 grates
671 2323 768 2422 agit,
797 2298 901 2421 atque
925 2322 999 2418 pius
1029 2314 1147 2398 amore
1180 2322 1293 2399 laetus

224 2456 341 2528 dorem
363 2451 474 2548 ipsum
494 2450 641 2539 inrorat,
665 2470 731 2523 non
749 2449 822 2547 jam
846 2448 996 2522 illumin
1019 2470 1139 2523 aureos
1162 2449 1292 2526 imbres

227 2585 396 2652 rrrutatum
418 2587 452 2652 et
478 2575 679 2650 mortalibus
699 2574 818 2672 puellis
842 2573 1074 2664 insidiantem,
1096 2574 1156 2649 sed
1180 2574 1289 2668 hunc,

229 2711 265 2777 ut
279 2725 453 2777 summum
470 2701 572 2777 deum
589 2701 700 2790 decet,
715 2709 975 2776 serratorenet
992 2699 1094 2773 tluxae
1107 2699 1292 2776 honrinum

227 2826 376 2904 felicitati
403 2809 649 2903 consulentem.

274 2955 330 3029 Sic
345 2954 548 3030 emendatus
571 2953 714 3028 Charea
738 2954 847 3054 magis
870 2953 972 3031 etiam
998 2976 1103 3052 quam
1131 2974 1295 3054 nuper-a

225 3080 409 3154 Pistoclero
423 3078 537 3153 distat.
558 3081 718 3154 Ceterum
741 3081 849 3154 multo
869 3080 997 3155 rectius
1015 3078 1162 3156 corilerri
1179 3079 1295 3176 potuit

227 3227 308 3278 curnw
339 3203 403 3279 hoc
441 3204 649 3279 Terentiano
691 3213 845 3280 amatore
878 3204 1075 3281 adolescens
1112 3227 1133 3278 a
1169 3204 1295 3303 gallico

227 3328 397 3404 rrovissimi
426 3327 543 3403 saeculi
569 3329 735 3426 scriptore
761 3329 966 3428 descriptus,
999 3321 1124 3427 nehrpe
1152 3329 1294 3405 Cheru-

228 3455 340 3529 binus.
358 3455 474 3528 Prima
499 3455 532 3527 in
557 3463 701 3553 utroque
719 3457 881 3553 juventus
904 3456 1107 3548 effervescit,
1129 3454 1191 3531 etsi
1221 3477 1295 3532 non

226 3580 347 3656 eadem
367 3580 527 3673 licentia;
543 3579 648 3680 hujus
663 3582 782 3657 timida
795 3592 829 3657 et
841 3582 946 3658 duhia
961 3582 1102 3680 cupid03
1119 3581 1297 3656 illiuscer·

225 3706 293 3780 tior
307 3715 340 3780 et
349 3706 556 3804 petulantior
570 3735 579 3795 ;
596 3707 754 3797 Chaerea,
767 3705 889 3797 fateor,
900 3730 968 3783 non
980 3707 1129 3782 nuhihus
1141 3714 1175 3781 et
1184 3708 1298 3782 ventis

226 3853 305 3904 suos
325 3853 460 3907 amores
480 3832 652 3906 narrando
666 3833 904 3930 tempusterit,
916 3833 973 3907 sed
986 3833 1057 3931 ipse
1076 3831 1297 3908 Cherubinus

226 3978 294 4030 non
317 3979 453 4055 semper
477 3966 595 4033 ventos
615 3967 647 4032 et
675 3957 783 4033 nubes
800 3967 1000 4048 assectatur,
1024 3970 1083 4033 aut
1104 3959 1298 4055 voluptates

226 4082 298 4158 sine
328 4104 471 4179 corpore
497 4083 640 4183 appetit.
673 4085 716 4159 Ut
735 4084 878 4161 Chaerea
906 4083 1056 4160 eunuchi
1076 4082 1294 4182 Pamphilam

226 4207 461 4319 custodientia,
476 4209 751 4284 sicCherubinus
761 4210 893 4286 ancillae
908 4211 1090 4285 lormosam
1107 4208 1296 4284 lllmavirae

226 4332 413 4432 conjugem
434 4335 591 4409 ornantis
615 4344 754 4434 gratum
781 4359 907 4410 munus
932 4343 1083 4433 exoptat,
1113 4342 1148 4410 et
1174 4334 1296 4410 animo
