3030 5266
578 586 618 595 ,.
638 550 677 612 55
698 586 737 593 ..

39 732 44 741 .
127 710 202 778 suo,
219 686 312 784 apud
331 694 503 760 tonsorem
519 684 614 760 sedet
627 684 767 772 otiosus,
785 682 985 759 adolescens
1008 685 1189 760 intervenit

111 812 238 885 'nliena
265 811 459 885 calamitate
481 832 592 906 nuper
617 809 686 883 risa
709 818 902 884 commotus
928 818 962 884 et
984 811 1184 897 larrinmns;

127 936 329 1035 rogantibus
348 936 569 1010 lacrimarum
584 957 721 1010 eausam
739 933 812 1008 haec
827 944 943 1008 narrat
959 961 966 1008 :

412 1180 563 1253 Numquam
577 1195 664 1252 aeque,
683 1179 782 1252 iuquit,
799 1196 830 1234 ac
844 1180 924 1235 uredo

198 1269 347 1343 Paupertas
359 1269 426 1324 milri
438 1285 506 1324 onus
517 1268 631 1323 visumst
641 1276 668 1324 et
680 1267 812 1323 miserum
823 1274 850 1323 et
859 1284 952 1339 grane.

199 1358 277 1415 Modo
290 1359 426 1431 quandam
437 1357 491 1413 vidi
504 1357 637 1430 virginem
650 1356 694 1413 lric
708 1357 810 1414 viciniae

199 1448 334 1516 Miseram,
349 1464 426 1505 suam
440 1456 555 1503 matrem
568 1446 711 1504 lamentari
725 1455 858 1504 mortuam
873 1468 878 1502 :

198 1535 236 1592 Ea
248 1535 301 1591 sita
315 1543 373 1591 erat
387 1535 576 1604 exadvorsum,
592 1552 681 1610 neque
694 1534 906 1592 illi'henivolens

198 1624 290 1699 Neque
302 1633 385 1681 notus
399 1642 488 1698 neque
503 1633 634 1697 cognatus
650 1631 726 1680 extra
738 1642 821 1680 unam
836 1625 968 1682 aniculam

199 1716 345 1789 Quisquam
360 1717 463 1784 aderat,
480 1716 527 1788 qui
543 1714 677 1789 adjutaret
690 1715 780 1770 lunum.
799 1716 985 1771 Miseritumst.

199 1805 279 1882 Virgo
292 1806 351 1880 ipsa
363 1805 431 1862 facie
447 1807 568 1878 egregia.

127 2013 213 2090 Vide
224 2037 295 2112 qua
306 2013 460 2113 diligenti
472 2024 546 2091 arte
561 2022 721 2089 naturam
732 2023 834 2110 poeta
846 2023 1020 2112 sequatur,
1041 2022 1074 2088 et
1087 2034 1190 2109 quarn

128 2151 207 2243 apte
233 2142 469 2218 narrationem
499 2142 681 2218 concludat
707 2143 760 2216 his
781 2142 892 2218 verbis
916 2142 951 2216 in
974 2162 1034 2217 ore
1059 2139 1192 2215 adoles-

129 2267 238 2344 centis
252 2269 484 2346 adolescentes
499 2269 703 2368 alloquentis
720 2269 806 2345 mire
817 2265 1039 2344 decentibus:
1063 2265 1192 2363 «Virgo

129 2394 202 2493 ipsa
231 2393 318 2472 faeie
336 2396 487 2496 egregia.
516 2425 532 2464 »
558 2396 650 2471 ldem
680 2394 901 2494 sequentibus
926 2394 1013 2470 inest
1040 2392 1193 2468 ueritatis

129 2520 247 2596 eolor:
284 2551 299 2588 r
334 2520 486 2597 Voltisne
526 2505 645 2596 eamus
686 2522 791 2598 visere
819 2551 835 2590 u
871 2521 1003 2619 primus
1043 2517 1193 2616 Antipho

129 2647 310 2736 exclamat,
328 2655 358 2721 et
379 2648 491 2744 surgit
502 2647 577 2744 jam
596 2647 727 2736 iturus;
744 2650 873 2746 quippe
896 2647 954 2745 qui
978 2644 1076 2744 (nihil
1098 2645 1191 2718 enim

129 2770 361 2846 inconsultum
407 2772 587 2848 Terentius
628 2772 755 2868 scribit)
795 2771 932 2845 futurus
969 2771 1011 2844 sit
1050 2770 1192 2844 desertae

129 2894 273 2993 virginis
300 2904 444 2970 amator.
475 2898 583 2970 Nesea
607 2896 732 2993 quibus
760 2896 817 2969 illa
847 2894 977 2969 insidiis
1004 2893 1192 2990 benignum

127 3001 410 3097 animumsubito
423 3020 677 3119 illaqueaverit:

663 3236 746 3304 lmus,
762 3235 895 3304 venimus,

201 3323 328 3379 Videmus
343 3341 348 3377 :
363 3324 440 3396 virgo
453 3323 587 3399 pulchra:
601 3331 630 3381 et
641 3340 694 3398 quo
707 3323 795 3396 magis
807 3322 924 3390 diceres,

200 3411 243 3468 Nil
256 3412 348 3469 aderat
362 3413 513 3486 adjumenti
525 3413 560 3470 ad
572 3411 821 3488 pulchritudinem:

201 3501 320 3575 (lapillus
332 3520 438 3576 passus,
452 3503 541 3559 nardus
555 3520 613 3576 pes,
628 3504 687 3576 ipsa
699 3501 820 3577 horrida,

200 3591 350 3660 lacrumae,
369 3593 482 3648 vestitus
496 3593 599 3666 turpis:
615 3601 656 3658 ut,
672 3593 700 3647 nl
715 3592 756 3648 vis
770 3591 835 3646 boni

201 3680 231 3734 ln
245 3680 304 3754 ipsa
319 3681 421 3736 inesset
434 3680 530 3750 lorma,
546 3681 605 3737 lime
617 3682 731 3737 formam
744 3680 943 3752 extinguerent.

202 3767 253 3825 llle
266 3770 311 3843 qui
324 3769 400 3825 illam
416 3771 526 3826 amalrat
541 3771 687 3838 fidicinam,
703 3768 888 3826 tantummodo

204 3879 216 3915 ‹
232 3861 311 3928 Satis,
327 3859 425 3934 inquit,
440 3861 550 3917 seilast:
566 3880 578 3914 r
597 3869 689 3918 noster
702 3877 801 3917 rere...

646 3979 784 4035 lnrus.--
797 3977 856 4033 lam
870 3976 924 4032 seio
937 3994 942 4031 :

202 4069 299 4147 Amare
314 4069 394 4144 coepit
410 4073 420 4140 l
440 4071 459 4141 ).

167 4272 200 4338 (t)
215 4270 340 4332 Phormio,
356 4270 375 4330 l,
390 4268 413 4318 d.
431 4296 462 4304 —
476 4266 577 4318 Molidre
592 4267 657 4316 hune
681 4267 762 4316 locum
780 4267 858 4316 tacete
868 4265 1019 4329 amplilleans
1039 4278 1087 4314 non
1104 4264 1192 4312 Toron·

130 4353 224 4403 tianam
236 4351 380 4401 breuitatem
396 4349 526 4412 superarit.
542 4349 610 4412 ll'ida
621 4348 655 4398 lcr
669 4347 812 4399 Fourlerles
821 4345 850 4397 de
861 4345 960 4411 Srupio,
973 4346 991 4404 l,
1003 4345 1036 4407 t.)
