3030 5266
575 570 735 630 ..5ss-

192 705 256 763 Siue
270 720 356 761 auro:
374 713 432 762 tum
444 714 568 762 ornatam
583 705 621 762 ita
634 705 676 762 uti
690 721 751 778 quan
766 713 896 761 ornantur
911 704 973 772 silri,

191 794 270 852 Nulla
279 794 351 851 mala
368 810 398 850 re
410 796 493 868 [esset
511 797 549 868 (l)
561 795 707 869 expolitam
717 794 858 851 muliebri:

191 883 311 960 Capillus
323 902 430 959 passus,
444 884 574 959 prolixus,
586 885 688 941 circum
701 892 781 959 caput

192 976 320 1048 llejectus
333 974 542 1048 neglegenter...

119 1103 254 1194 Quibus
270 1103 393 1195 verbis,
415 1125 484 1200 qua
498 1102 585 1178 hene
599 1112 679 1177 nota
698 1103 849 1200 imagine
864 1112 1058 1177 coniunctus
1074 1101 1186 1176 Clinia

121 1235 321 1303 narrantem
335 1227 568 1325 interrumpit,
590 1236 754 1326 tanquam
766 1251 865 1302 suani
881 1227 1090 1325 Antiphilam
1109 1250 1187 1302 rerc

121 1376 215 1428 nunc
241 1353 401 1450 reperiat,
430 1365 465 1427 et
491 1354 524 1426 in
554 1352 750 1428 discrimine
776 1354 817 1427 sit
838 1376 914 1428 earn
935 1353 990 1428 vix
1012 1361 1185 1453 repertam

121 1501 237 1552 rursus
251 1478 430 1553 amittendi
446 1503 453 1551 :

619 1595 683 1668 Syre
699 1595 747 1663 mi,
763 1594 889 1663 obsecro,

285 1684 322 1741 Ne
336 1700 380 1739 me
393 1683 421 1739 in
434 1682 554 1741 laetitiam
568 1683 670 1740 lrustra
684 1684 801 1741 conicias
816 1684 861 1756 (ἓ).

119 1831 242 1907 Acrius
255 1830 350 1927 cupit
365 1852 506 1905 noscere
520 1831 601 1927 qnid
613 1832 1074 1929 ergaserlntiphilasentiat‚
1086 1831 1184 1931 quiri,

120 1953 239 2031 audito
274 1955 439 2030 amatoris
466 1955 593 2046 reditu,
625 1957 740 2030 locuta
768 1955 884 2045 luerit,
918 1966 1023 2054 atque
1052 1957 1184 2054 optima

120 2080 348 2177 puellulclam
363 2081 542 2157 deserente
556 2090 588 2156 et
601 2082 634 2156 in
650 2082 810 2157 lacrimas
822 2082 930 2159 ellusa
940 2085 1036 2182 quasi
1051 2082 1181 2172 fruens

120 2227 275 2283 umorem
293 2230 404 2305 nuper
426 2207 567 2282 anxium
591 2216 624 2283 et
645 2219 804 2284 uexatum
822 2209 989 2309 exquisita
1011 2210 1184 2308 voluptate

120 2343 266 2409 recreat.

169 2458 304 2535 Interea
333 2459 376 2534 ad
396 2481 476 2536 eum
506 2460 681 2558 Antiphila
703 2471 879 2559 properat,
905 2472 1074 2560 quantum
1108 2461 1187 2537 sinit

119 2582 164 2658 ab
178 2583 383 2659 ancillarum
398 2608 522 2659 aurunt
538 2596 571 2661 et
584 2596 712 2662 uestem
729 2588 940 2685 portantium
957 2612 1063 2688 grege
1077 2589 1188 2686 impe-

120 2707 192 2783 dita
210 2708 412 2807 Clitiphonis
431 2710 556 2800 aulica,
581 2713 636 2785 cui
654 2735 770 2787 comes
791 2712 956 2811 adjuncta
970 2713 1053 2802 luit;
1073 2714 1185 2788 aurbun

120 2833 376 2932 colloquuntur,
391 2835 536 2909 Cliniam
552 2858 658 2934 prope
673 2860 745 2912 esse
760 2837 958 2935 ignorantes
971 2864 981 2928 3
1002 2839 1060 2912 illa
1074 2862 1186 2913 mores

120 2958 225 3056 hujus
244 2967 315 3033 turn
337 2958 415 3033 lidae
438 2960 560 3056 puellae
580 2961 781 3051 admiratur,
810 2984 889 3035 suos
918 2972 1057 3036 excusat
1065 2990 1074 3050 ;
1096 2963 1183 3055 haec,

120 3082 205 3180 quid
219 3083 296 3157 aliae
313 3082 440 3157 faciant
455 3083 638 3174 incuriosa,
655 3094 766 3159 toturn
781 3086 936 3161 animum
953 3085 1046 3161 haud
1069 3089 1186 3163 multis

122 3207 233 3284 verbis
249 3207 410 3307 patefacit
432 3233 439 3279 :

191 3369 286 3425 Nescio
299 3369 384 3426 alias:
399 3387 442 3426 me
456 3371 567 3444 quidem
580 3388 689 3446 semper
700 3372 756 3429 scic
768 3373 867 3430 fecisse
881 3374 987 3445 sedulo,

191 3459 224 3517 Ut
238 3477 270 3517 ex
284 3460 360 3518 illius
371 3462 513 3519 commodo
526 3479 616 3519 meum
632 3479 819 3537 compararem
836 3466 1016 3522 commodum.

119 3605 253 3703 Excipit
265 3605 461 3682 accedentis
473 3628 669 3683 sermonem
682 3607 806 3699 Clinia,
824 3631 891 3683 nec
905 3608 1029 3684 auditis
1043 3608 1186 3708 indigua

120 3729 227 3806 refert
242 3761 249 3804 :

155 3881 239 3956 Ergo,
255 3899 316 3938 mea
330 3882 480 3957 Antiphila,
495 3890 604 3939 tununc
619 3882 677 3940 sola
690 3882 818 3940 reducem
833 3884 918 3940 mein
932 3884 1048 3958 patriam
1063 3886 1149 3943 lacis:

156 3972 222 4030 Nam
233 3971 298 4029 durn
312 3973 361 4028 ahs
375 3980 401 4029 te
414 3972 521 4042 absum,
538 3988 631 4030 omnes
643 3973 711 4029 milri
723 3973 831 4031 labores
844 3973 930 4043 suere,
941 3991 1008 4048 quos
1020 3975 1090 4050 cepi,
1099 3976 1184 4046 leves,

156 4063 341 4138 Praeterquam
357 4063 396 4120 tui
411 4063 560 4120 carendum
575 4063 649 4138 quod
664 4071 732 4122 erat.

154 4224 187 4291 (l)
204 4228 283 4287 Quum
298 4240 350 4276 ease
360 4228 454 4277 nullum
469 4229 509 4276 liic
521 4228 707 4288 locumtrabeat‚
724 4229 898 4292 Bentleytrunc
905 4243 1001 4278 versum
1016 4229 1052 4278 ita
1062 4233 1183 4290 emendat,

120 4307 216 4356 duobus
234 4308 347 4357 versibus
361 4308 480 4357 Plautinis
494 4308 583 4356 uisus:
602 4326 612 4351 a
628 4309 699 4356 Nulla
720 4310 785 4357 mala
801 4323 826 4356 re
841 4309 1011 4374 interpolatam
1031 4311 1153 4360 ruulielrri.
1172 4329 1181 4355 u

152 4386 185 4444 tlt
205 4387 302 4441 (lustret,
320 4388 349 4447 ll,
366 4389 387 4438 a.
