3030 5266
582 533 742 593 -Μ-

130 669 238 766 magis
267 669 401 766 ineptes
420 691 528 766 quam
560 667 670 743 laedes
707 669 743 741 iu
771 666 920 741 amando
950 690 1063 741 meres
1087 675 1200 742 osten·
1230 644 1235 649 .

130 794 229 867 dunt.

178 920 389 1018 Argyrippus
408 920 443 993 in
458 921 635 1008 Asinaria,
654 927 834 1015 postquam
855 917 1022 1014 quidquid
1045 917 1197 991 habebat

132 1044 286 1136 pecunie
304 1042 468 1140 profudit,
483 1043 697 1119 alenaleras
708 1044 851 1141 ejectus,
867 1042 1009 1151 demum
1030 1043 1196 1134 clausam,

130 1170 295 1244 Dinarchi
322 1171 440 1261 instar,
477 1170 621 1261 obsidet,
655 1182 688 1245 et
716 1172 803 1245 lenae
834 1169 987 1243 convicia
1013 1168 1132 1243 delens
1158 1192 1199 1243 ac

131 1318 272 1393 gemens
283 1296 615 1392 patitur;Dinarch0
627 1304 744 1369 autem
756 1295 878 1370 melier
891 1296 1039 1392 puellam
1050 1297 1198 1370 revisere

131 1429 238 1517 optat,
269 1444 289 1493 a
318 1442 388 1518 qua
421 1430 555 1495 certum
588 1420 694 1495 habet
724 1443 796 1495 sese
834 1420 959 1494 acriter
996 1419 1195 1494 desiderari.

131 1548 241 1634 Quem
263 1545 403 1619 divitem
432 1555 466 1619 et
494 1548 603 1619 multa
624 1545 811 1619 donantem
833 1546 974 1634 amavit,
1000 1544 1197 1618 Philenium

131 1680 222 1744 amat
253 1672 357 1744 etiam
379 1679 537 1767 egentem
568 1678 603 1745 et
628 1671 788 1744 lacrimas
812 1678 948 1744 tantum
976 1670 1194 1766 largientem.
1297 1677 1300 1682 ’

130 1797 272 1868 Frustra
295 1819 359 1867 sua
385 1795 415 1869 ei
443 1802 554 1895 mater
576 1795 696 1869 suadet
715 1796 836 1870 breves
861 1804 895 1871 et
924 1795 1034 1869 varies
1063 1818 1199 1870 amores

131 1918 257 2015 quibus
286 1919 397 2016 magis
417 1942 515 1992 suam
542 1942 616 1994 rem
647 1927 794 2017 augeal3
822 1941 876 1992 res
900 1927 1002 1992 aucta
1029 1919 1198 2015 nunejus

132 2044 290 2116 animum
315 2021 395 2117 salis
420 2043 553 2141 implet,
573 2054 607 2118 et
625 2043 717 2140 qued
737 2045 795 2118 det
815 2044 897 2117 huic
927 2044 1044 2117 anime
1070 2043 1197 2117 sitienti

133 2192 229 2242 suam
248 2177 393 2243 matrem
414 2192 571 2244 sermone
588 2169 771 2243 miserabili
786 2177 908 2267 regat:

203 2399 293 2455 Etiam
309 2399 400 2473 opilia,
419 2400 465 2473 qui
481 2400 577 2473 pascit,
594 2409 691 2470 mater,
708 2400 811 2456 alienas
826 2417 900 2468 eves,

204 2489 331 2562 Aliquam
346 2489 428 2545 habet
444 2489 622 2562 peculiarem,
638 2489 774 2562 quispam
790 2488 894 2544 soletur
908 2505 995 2544 suam.

206 2579 268 2635 Sine
284 2597 328 2634 mc
343 2596 435 2635 amare
450 2597 534 2635 unum
550 2580 748 2653 Argyrippum,
765 2579 847 2636 animi
860 2597 957 2649 causa,
975 2598 1056 2653 quem
1069 2579 1131 2636 vole
1146 2580 1196 2650 (l).

132 2797 311 2892 Perplacet
342 2818 427 2893 erga
456 2796 606 2892 puellam
632 2804 703 2868 tam
740 2794 808 2868 firle
842 2795 982 2893 dignam
1016 2795 1198 2892 Argyrippi

133 2928 293 2996 constans
318 2920 472 3011 affectus,
503 2929 538 2995 et
560 2921 636 3018 ejus
658 2919 762 2992 verba
782 2919 824 2992 ab
849 2919 962 2992 antica
979 2919 1200 3010 digredientis

134 3070 254 3122 aurem
269 3054 420 3120 nestram
438 3046 609 3120 inassueta
632 3045 703 3119 veri
720 3044 847 3119 ameris
864 3044 1082 3142 jucunditate
1103 3043 1200 3119 valde

134 3160 317 3247 delectant.
331 3173 423 3245 Inest
437 3170 578 3267 quidem
594 3170 740 3245 Philenii
757 3170 869 3244 verbis
882 3170 930 3243 vis
948 3169 1061 3244 acrior
1074 3170 1200 3245 certius

134 3298 313 3372 eonsilium
346 3297 572 3393 animumque
607 3297 764 3395 graviore
785 3297 927 3372 vulnere
952 3296 1069 3369 lasum
1094 3295 1201 3393 signi-

136 3421 243 3495 ficans
258 3447 266 3494 :

134 3654 297 3709 Puruautuu.
313 3686 348 3696 -
362 3652 497 3707 Acerbum
510 3652 591 3708 funus
605 3652 717 3723 (mater)
729 3649 792 3706 filiae
804 3650 879 3719 lacit,
892 3649 916 3706 si
928 3656 955 3705 te
971 3651 1152 3706 carendumst.

381 3975 567 4030 Aualutrrus.
581 3977 700 4027 -Bene
715 3970 794 4040 vale;
811 3971 883 4044 apud
898 3969 997 4026 Orcum
1013 3977 1040 4026 te
1055 3969 1163 4026 videbo.

205 4063 272 4119 Nam
285 4063 412 4136 equidem
425 4081 469 4120 me
481 4063 549 4136 jam,
565 4071 696 4135 quantum
710 4068 809 4135 potest,
826 4077 843 4116 a
858 4059 912 4116 vita
924 4059 1098 4133 abjudicabo.

164 4322 199 4388 (ι)
216 4322 298 4382 nnn..
313 4323 357 4382 ru,
372 4323 396 4372 ι.
