3030 5266
678 612 719 621 -
739 575 777 637 69
798 611 838 621 -

275 710 489 786 Dinarchum
509 719 602 786 recte
624 711 761 786 miraris
784 711 827 786 de
842 710 1020 786 Phronesii
1046 713 1211 809 pravitate
1231 735 1292 786 co-

225 837 353 934 piosius
367 836 548 927 disserere,
566 836 610 909 ab
627 836 751 911 cadem
769 836 911 911 minime
928 859 1062 924 cavere;
1085 835 1290 934 Astaphium

225 963 333 1060 ipsam
368 984 477 1051 mera,
512 985 590 1058 quaa
622 970 754 1048 narrat,
789 962 969 1037 mendacia
1002 971 1123 1059 sponte
1160 984 1292 1061 agnos-

225 1095 362 1162 centem
388 1094 421 1161 et
452 1086 656 1162 irridentem
682 1087 854 1182 increpas
891 1108 954 1161 nec
985 1086 1178 1176 immerito;
1212 1109 1291 1183 quae

225 1235 307 1287 vero
332 1234 558 1309 supervacua,
594 1211 746 1301 indocta,
766 1220 839 1286 arte
859 1210 1021 1287 destituta
1037 1212 1098 1285 tihi
1114 1212 1288 1304 videntur,

223 1337 332 1433 plebis
355 1338 487 1411 animos
509 1337 610 1411 altius
635 1345 819 1434 penetrant
837 1344 872 1411 et
896 1336 1136 1413 vehementius
1162 1337 1290 1413 admo-

224 1471 307 1536 nent
349 1485 458 1558 quum
498 1461 702 1537 meretriciae
744 1461 933 1545 aviditatis,
976 1473 1051 1535 tum
1091 1473 1289 1538 amatorum

224 1586 479 1662 imbecillitatis.
531 1573 683 1660 Eruditis
729 1587 979 1684 spectatoribus
1028 1587 1288 1663 delectationem

223 1735 386 1809 magnam
419 1711 518 1786 affert
550 1712 745 1803 Selenium,
778 1712 861 1786 dnm
893 1712 1012 1786 vividis
1046 1713 1156 1787 verbis
1189 1706 1289 1787 suum

222 1861 376 1913 amorem
393 1837 558 1926 declarat,
576 1859 640 1912 nec
654 1838 808 1934 profecto
823 1838 994 1912 minorem
1011 1837 1178 1934 imperitis
1193 1839 1292 1914 hlcc-

222 1963 426 2050 simarchus,
450 1962 534 2037 dum
557 1964 726 2038 concitato
744 1962 928 2037 verborum
947 1962 1090 2037 llnmine
1106 1986 1185 2036 suos
1205 1987 1290 2038 cru-

222 2089 332 2163 ciatus
363 2097 558 2179 enumerat,
591 2097 624 2164 et
650 2089 733 2164 deos
759 2089 932 2177 invocans,
959 2095 1071 2161 totum
1102 2088 1289 2185 Olympum

223 2215 355 2305 miscet,
386 2237 429 2289 ne
455 2237 589 2288 memor
604 2213 746 2312 quidem
765 2220 883 2287 utrum
902 2214 1073 2287 Saturnus
1086 2213 1230 2287 lunonis
1247 2213 1289 2288 sit

221 2348 320 2437 pater
339 2363 384 2413 an
411 2347 564 2437 patruus.
599 2340 649 2412 lta
675 2339 813 2412 Plautus
844 2336 1072 2411 Menandrum
1097 2345 1131 2413 et
1156 2346 1289 2414 ceteros

222 2486 320 2539 novae
336 2464 517 2539 comoediae
529 2465 711 2561 scriptores
731 2464 897 2554 imitatur,
915 2471 950 2537 ut
977 2463 1145 2560 optimum
1167 2486 1287 2538 exem-

221 2591 297 2686 plar
323 2591 426 2664 modo
454 2589 542 2664 fidus
564 2591 733 2687 interpres
763 2597 985 2686 exsequatur,
1012 2588 1163 2663 eruditas
1187 2611 1289 2664 aures

222 2714 467 2806 delectaturus,
483 2714 584 2788 modo
604 2724 804 2810 corrumpat
818 2713 1045 2803 ctadulteret,
1066 2713 1159 2812 vulgi
1176 2714 1289 2788 studia

222 2840 286 2915 sihi
303 2841 561 2914 conciliaturus.
588 2840 659 2914 Nec
685 2839 789 2913 aliam
803 2839 847 2913 oh
867 2861 1006 2912 causam
1025 2839 1059 2910 in
1079 2840 1285 2926 Mercatore,

222 2963 340 3039 tabula
356 2989 377 3039 a
393 2965 595 3040 Philemone
616 2964 793 3049 translata,
819 2962 1004 3052 Charinus,
1028 2971 1160 3059 erepta,
1180 2987 1286 3061 quam

221 3098 328 3180 amat,
346 3090 471 3187 puella,
489 3112 583 3163 nunc
597 3112 678 3164 vero
692 3088 809 3164 dolore
824 3089 970 3178 laborat,
986 3110 1079 3161 nunc
1098 3112 1200 3162 suum
1215 3089 1286 3185 ipse

222 3214 584 3312 doloremperludum
598 3212 867 3311 amplificat,aut
881 3214 993 3287 subita
1006 3215 1157 3289 amentia
1168 3213 1285 3288 turba-

221 3347 292 3431 tur,
310 3363 377 3413 non
396 3362 437 3413 ea
451 3364 529 3437 quae
552 3340 694 3415 miseros
721 3348 892 3414 amatores
923 3339 1057 3429 deceat,
1080 3338 1138 3413 sed
1154 3362 1284 3436 eaquae

221 3473 321 3564 egeat
348 3464 476 3538 anxilio
500 3465 623 3539 medici
657 3474 692 3541 et
719 3465 856 3562 plebem
885 3465 919 3536 in
948 3463 1134 3538 cachinnos
1161 3465 1278 3538 solvat.

221 3592 335 3679 Quam
356 3589 618 3663 inconstantiam
638 3590 800 3664 Horatius
817 3588 929 3663 faceta
957 3588 1141 3662 verborum
1171 3589 1284 3664 inver-

221 3715 319 3790 sione
345 3717 381 3789 in
405 3715 458 3788 his
487 3715 639 3789 versibus
664 3716 847 3812 increpat:

619 3936 860 4012 mmmfflwm

400 4027 456 4092 Quo
471 4034 547 4102 pacto
561 4035 653 4101 partes
667 4034 768 4083 tutetur
781 4026 896 4086 amantis
908 4025 1005 4099 ephebi
1020 4026 1069 4098 (l).

253 4279 287 4344 (l)
303 4281 358 4342 Ep,
379 4282 407 4341 ll,
429 4281 451 4329 l.
476 4282 590 4330 Horatius
603 4280 675 4342 paulo
690 4279 716 4327 in
730 4280 842 4329 Plautum
856 4279 972 4340 severior,
988 4284 1016 4329 ut
1030 4280 1070 4329 eui
1083 4282 1192 4329 veterum
1205 4279 1285 4342 scrip·
1369 4277 1371 4282 '

221 4368 301 4411 torum
320 4362 422 4423 gloriam
444 4363 557 4411 malevoli
572 4362 662 4424 saepius
676 4365 807 4423 opponant,
822 4374 907 4409 omnes
920 4362 1044 4410 Plautinos
1057 4363 1120 4410 sales
1132 4363 1217 4411 eodem
1232 4361 1285 4408 las-
