3030 5266
676 557 837 617 ..48-

715 735 718 754 2
768 690 858 746 AEsen.
875 720 909 729 -
923 688 962 742 An
977 689 1074 744 sedere
1086 687 1210 762 oportuit

237 788 239 792 “
293 779 371 835 Domi
383 778 518 851 virginem
531 786 586 835 tam
600 779 743 852 grandem,
760 779 824 834 duno
837 786 969 852 cognatus
984 777 1046 833 hinc

293 867 371 924 Illinc
386 869 491 925 veniret
506 869 716 942 expectantem?
730 869 799 937 haec,
816 868 853 923 mi
868 875 956 942 pater,

292 958 330 1014 Te
346 958 436 1014 dicere
451 975 558 1032 aequom
572 959 623 1016 suit
638 966 665 1014 et
678 958 707 1013 id
722 958 878 1015 defendere.

222 1157 365 1232 Micione
379 1180 507 1231 vanum
521 1169 766 1257 argumentum
782 1157 959 1249 irridente,
985 1165 1019 1231 et
1039 1155 1137 1253 quasi
1150 1155 1298 1230 recedat

223 1275 458 1369 assimulente,
476 1275 645 1376 frangitur
662 1275 847 1351 AEschinus
866 1284 900 1350 et
920 1297 992 1350 rem
1008 1296 1166 1348 sermone
1186 1273 1296 1347 anxio

222 1408 257 1474 et
270 1401 440 1476 concitato
460 1401 535 1499 jam
561 1402 735 1499 proditam
754 1424 848 1475 nunc
871 1400 983 1474 tacitis
1002 1398 1152 1473 lacrimis
1171 1399 1294 1472 mani-

222 1523 341 1601 festius
348 1525 545 1602 confitetur.
560 1531 671 1602 Tanto
684 1526 919 1601 dolorevictus
931 1526 1031 1600 Micio
1046 1524 1197 1599 breviter
1209 1547 1293 1599 eum

222 1650 456 1747 reprehendit,
475 1673 540 1726 nec
557 1652 646 1726 ultra
667 1651 809 1726 modum
832 1674 969 1725 severos
989 1649 1140 1747 puellam
1160 1646 1291 1745 despe-

222 1784 330 1850 ratam
351 1777 383 1851 ei
410 1777 629 1853 matrimonio
653 1777 816 1876 junctum
841 1777 883 1849 iri
903 1775 1087 1874 promittit;
1113 1795 1184 1871 quo
1203 1796 1293 1870 pro·

223 1901 326 1975 misso
355 1902 514 1977 turbatus
536 1904 639 1978 simul
665 1927 706 1978 ac
735 1903 923 1978 delectatus
950 1901 1147 1976 adolescens
1178 1898 1291 1973 ardo-

220 2049 294 2101 rem
307 2028 446 2121 amoris‚
459 2037 498 2103 ut
506 2052 618 2127 nuper
633 2029 854 2104 acerbissimo
866 2049 1030 2117 moerore,
1046 2048 1139 2101 nunc
1151 2025 1293 2099 sincera

219 2153 336 2227 letitia
356 2153 523 2244 declaret;
546 2156 644 2230 timet
658 2155 752 2229 enim
765 2178 808 2229 ne
831 2153 873 2227 sit
892 2154 1053 2246 incautus·
1074 2152 1118 2226 ad
1140 2151 1293 2226 creden-

219 2279 317 2368 dum,
334 2303 403 2355 neu
418 2304 567 2354 rursusa
581 2290 704 2379 patruo
719 2280 919 2367 deludaton·
931 2301 1082 2376 eumque
1097 2277 1292 2353 identidem

219 2403 420 2504 interrogat,
441 2429 512 2504 quo
527 2406 652 2483 certior
668 2407 711 2482 de
731 2429 791 2480 sua
804 2415 899 2480 tanta
911 2404 1073 2480 felicitate
1087 2402 1262 2478 efficiatur
1279 2429 1289 2477 ε

935 2639 1026 2696 AEscfl.
1040 2669 1075 2679 -
1088 2637 1176 2705 Pater,

289 2763 421 2832 Obsecro,
435 2781 501 2820 num
513 2764 585 2822 ludis
596 2774 626 2822 tu
638 2782 711 2821 nunc
722 2768 787 2821 me?

676 2891 738 2948 Mic.
752 2923 787 2932 —
798 2890 856 2982 Ego
869 2898 896 2947 te
907 2892 920 2947 ἱ)
934 2890 1132 2965 quemobrem?

954 2999 1050 3055 AEscn.
1064 3030 1100 3038 -
1115 2997 1233 3053 Nescio:

290 3088 358 3153 Quia
372 3096 428 3145 tam
443 3088 544 3144 misere
559 3088 610 3144 hoe
625 3106 685 3144 esse
701 3090 780 3163 cupio
795 3106 901 3157 verum,
918 3105 950 3144 eo
966 3105 1063 3144 vereor
1076 3086 1177 3158 magis.

218 3212 278 3269 dim.
293 3245 328 3253 -
341 3213 390 3268 Abi
404 3212 514 3269 domum
528 3230 560 3269 ac
575 3213 839 3300 deos-comprecare,
853 3222 882 3271 ut
894 3231 1005 3270 uxorem
1018 3229 1159 3269 arcessas:
1175 3213 1233 3267 abi.

219 3339 313 3394 AEscn.
329 3370 363 3379 -
376 3337 467 3403 Quid?
481 3338 539 3394 Jam
552 3341 686 3395 uxorem?

573 3463 633 3520 Mic.
648 3496 684 3505 -
695 3464 776 3535 Jam(
796 3467 816 3537 ).

644 3589 738 3646 AEscn.
755 3623 791 3630 -
804 3589 884 3645 tam?

751 3714 811 3769 Mic.
828 3747 864 3755 -
877 3714 936 3770 tam
949 3722 1077 3789 quantum
1089 3721 1211 3788 potest...

217 3905 307 3978 Nihil
338 3927 406 3980 non
432 3906 599 4004 optimum
627 3908 729 3982 sentit
760 3912 944 3984 AEsohinus
968 3912 1021 3985 sui
1046 3912 1115 3987 voti
1140 3912 1286 3988 tandem

219 4029 329 4105 tactus
346 4053 499 4128 compos,
518 4041 552 4107 et
574 4033 696 4108 eodem
708 4056 828 4110 amore
848 4037 1028 4112 Micionem
1051 4059 1157 4135 quam
1173 4038 1308 4112 Pam-'

250 4263 284 4328 (1)
301 4262 451 4326 scripturam
465 4265 642 4327 Bentleianam,
658 4267 746 4318 Donati
760 4269 900 4319 testimonio
913 4269 1022 4331 innixus,
1039 4270 1079 4320 hic
1093 4271 1190 4332 praetuti
1201 4286 1207 4318 :
1216 4273 1285 4334 jam,

218 4357 267 4393 non
278 4357 347 4395 eam.
