3030 5266
677 585 832 648 ..20-

223 734 359 820 tantum
376 722 453 821 ejus
476 706 559 795 sana
584 721 672 795 ratio
692 729 725 795 et
751 721 886 820 longius
902 743 1006 818 quam
1030 720 1101 817 ipse
1125 730 1298 818 vagatur.

221 848 322 924 Stans
339 848 431 923 enim
450 848 483 920 in
507 848 627 922 eodem
654 849 743 938 loco,
762 845 824 920 sibi
845 845 980 920 ridetur
1004 846 1037 918 in
1066 850 1212 920 currum
1235 869 1299 920 as·

220 974 377 1061 condere,
394 975 467 1047 lora
482 974 516 1047 in
538 996 662 1046 manus
676 995 811 1070 repere,
833 971 927 1047 etad
947 976 1109 1070 Cyprum,
1128 978 1166 1044 nt
1187 972 1298 1045 Pasi-

220 1122 397 1197 compsam
419 1098 582 1197 reperiat,
613 1107 707 1175 reeta
730 1098 918 1196 proficisci3
942 1120 960 1171 e
981 1099 1093 1197 Cypro
1111 1095 1154 1170 ad
1179 1098 1296 1172 Chal·

220 1225 331 1301 oidem
360 1225 530 1323 pervenit,
560 1224 618 1298 uhi
647 1224 734 1298 duos
762 1247 817 1298 res
849 1222 972 1320 hospes
998 1247 1018 1297 e
1045 1221 1225 1320 Zacyntho
1262 1223 1296 1298 ei

219 1373 402 1426 occurrens
439 1350 584 1438 nuntiat,
621 1373 744 1445 nempe
784 1348 949 1447 Zacynthi
987 1346 1068 1422 ficos
1102 1346 1176 1422 fieri
1219 1371 1294 1423 non

219 1472 1297 1574 malas‚etamicam‚longequaesilam,hthenisesse3hthenas

202 1610 252 1678 =et
271 1601 343 1699 ipse
362 1603 474 1676 statim
487 1602 584 1700 petit,
596 1611 629 1676 et
646 1600 677 1674 in
691 1601 832 1677 domurn
847 1622 944 1674 suam
960 1599 1015 1674 vix
1032 1599 1201 1688 relictam,
1219 1622 1293 1674 non

218 1726 320 1800 nimis
333 1727 481 1803 errando
504 1729 624 1812 lassus,
652 1705 860 1825 regreditur.
884 1728 1000 1825 Nugas
1020 1726 1098 1799 istas
1112 1726 1296 1825 Eutychus

217 1851 284 1926 fide
315 1863 467 1950 spectata
497 1854 628 1928 amicus
656 1853 885 1950 perpetiator3
927 1850 1099 1926 fastidium
1129 1859 1293 1928 nostrum

217 1986 332 2054 movet
349 1987 495 2071 amator,
513 2003 591 2053 suos
611 2001 746 2055 amores
760 1978 830 2076 ipse
848 1976 1006 2052 irridens.

265 2106 337 2179 Hoc
361 2105 499 2204 quidem
527 2106 651 2203 saepius
682 2104 799 2178 vitium
817 2112 868 2178 est
889 2103 1125 2178 Plautinorum
1149 2113 1294 2180 amato-

218 2253 295 2305 rum
312 2257 319 2301 :
338 2253 392 2321 ea,
412 2254 487 2328 quae
507 2230 672 2319 sentiunt,
693 2230 755 2326 ipsi
775 2229 924 2303 ludibrio
953 2228 1081 2303 hahere
1110 2228 1290 2318 ridentur,

217 2355 314 2453 quasi
345 2378 528 2452 personam
559 2355 715 2429 indutam
748 2355 861 2428 subito
895 2355 1080 2452 deponant.
1114 2356 1164 2428 lta
1201 2356 1295 2432 ludit

217 2479 251 2551 in
276 2479 435 2554 Rudente
462 2479 674 2576 Plesidippus
709 2477 774 2576 (l),
800 2502 865 2553 nec
888 2479 1001 2552 minus
1027 2478 1183 2576 displicet
1210 2480 1293 2578 ejus

218 2602 389 2678 audientis
401 2605 598 2678 Palaestram
620 2603 682 2676 sibi
708 2604 742 2676 in
760 2605 1020 2679 matrimonium
1038 2604 1112 2678 dari
1128 2605 1292 2680 alacritas

219 2729 345 2804 insulsa
358 2740 392 2806 et
411 2730 445 2803 in
463 2729 595 2828 ineptas
615 2729 879 2827 quaestiunculas
896 2730 1005 2805 effusa
1031 2731 1081 2828 (⁹2)
1110 2752 1216 2828 quam
1233 2732 1291 2805 in-

217 2855 313 2930 sania
327 2854 468 2930 Charini
489 2853 532 2931 de
546 2879 608 2930 sue
626 2856 738 2930 antica
754 2856 979 2954 desperantis.

266 2982 340 3056 Non
374 2980 534 3078 equidem
565 2981 673 3055 miror
703 2983 737 3054 in
770 2982 996 3056 Bacchidibus
1021 2980 1286 3077 Mnesilochum,

219 3129 328 3203 quum
343 3129 379 3180 se
392 3106 565 3181 credatah
579 3107 691 3180 amica
706 3107 880 3203 proditum
901 3132 986 3199 esse,
1006 3131 1136 3206 magna
1155 3107 1207 3182 ira
1233 3111 1289 3184 in-

219 3253 362 3306 censum
382 3231 603 3306 exclamare:

664 3439 740 3512 Egon
755 3439 830 3495 illam
847 3441 990 3497 mulierem

292 3526 394 3600 Capitis
408 3543 461 3582 non
475 3527 609 3600 perdam?
624 3529 714 3604 perire
729 3547 772 3585 rne
788 3529 866 3586 malis
881 3531 973 3588 malim
988 3531 1076 3587 modis
1090 3532 1141 3603 (3).

269 3733 439 3808 llumdem
457 3743 572 3810 autem
603 3736 722 3828 miror,
746 3736 831 3811 dum
859 3737 1030 3828 irascitur,
1054 3760 1123 3837 quo
1147 3762 1211 3812 sua
1236 3740 1292 3816 ira

220 3879 300 3932 mox
317 3881 462 3934 evasura
485 3861 526 3934 sit
546 3861 748 3961 praevidere,
761 3872 796 3937 et
816 3865 941 3939 certius
967 3864 1153 3960 praedicere
1172 3865 1291 3942 mines

251 4135 284 4200 (1)
302 4138 375 4186 Vetus
386 4140 465 4188 Codex
483 4138 588 4189 scribit:
604 4140 776 4205 lPlesidippus
791 4160 812 4203 u,
829 4157 877 4193 non
895 4161 904 4189 u
919 4144 1090 4208 Pleusidippus
1104 4162 1124 4193 n.
1141 4144 1199 4194 llidc
1215 4151 1290 4199 notas

219 4215 349 4273 dedentis,
364 4204 473 4280 Bennist,
490 4220 568 4280 Paris,
586 4219 654 4270 laet.

251 4296 285 4360 (Ξ)
303 4296 412 4357 Rudent,
427 4298 465 4358 lV,
481 4298 504 4347 8.

249 4374 284 4440 (3)
300 4375 398 4438 Bacch,
415 4378 456 4438 lll,
472 4377 494 4428 3.
