3030 5266
681 607 715 615 -
734 576 768 634 83
790 607 822 616 ..

220 705 295 801 ipse
313 710 481 801 quantum
507 726 527 776 o
545 702 712 777 Plautinis
734 701 961 777 Bacchidibus
971 701 1120 790 ‚avaritie
1141 709 1176 775 et
1200 724 1286 798 pro-

220 828 378 904 tervitate
398 831 599 926 soporeturl

271 958 442 1029 Parmeno
461 977 589 1043 servus,
618 962 798 1051 postquam
824 953 1001 1028 Chaercum
1025 952 1176 1028 eunuchi
1197 962 1287 1028 veste

222 1081 380 1156 indutum
401 1080 435 1153 in
460 1079 601 1154 domum
621 1071 848 1155 meretriciam
873 1079 983 1170 duxit,
1004 1079 1074 1192 sibi·
1095 1080 1288 1178 gratulatur

222 1205 316 1304 quod
332 1205 496 1302 repererit

711 1435 845 1509 quomodo
858 1435 1079 1492 adulescentulus

299 1525 469 1584 Meretricum
483 1524 594 1597 ingenia
607 1531 633 1580 et
647 1540 737 1580 mores
749 1532 843 1598 posset
855 1541 979 1593 noscere,

300 1616 403 1672 Mature
417 1623 447 1671 ut
463 1631 544 1688 quom
559 1613 681 1686 cognorit
694 1622 828 1688 perpetuo
842 1614 940 1671 oderit.

301 1708 366 1770 llute
380 1706 445 1761 dum
459 1704 526 1760 soris
542 1712 613 1774 sunt,
629 1703 665 1759 nil
678 1701 784 1760 videtur
796 1704 933 1772 mundius,

302 1796 355 1852 Neo
367 1795 455 1868 tnagis
468 1794 646 1868 compositum
659 1793 814 1867 quicquam,
830 1810 880 1850 nee
892 1793 979 1866 magis
992 1794 1104 1869 elegans
1119 1814 1124 1849 :

301 1885 366 1950 Quae
377 1902 438 1940 eum
450 1892 572 1941 amatore
582 1901 631 1940 suo
642 1901 703 1940 cum
713 1892 821 1950 cenant,
831 1883 990 1957 ligurriunt‚

302 1975 401 2032 Harum
417 1974 510 2030 videre
524 1973 662 2042 inluviem,
678 1974 784 2042 sordes,
798 1973 929 2047 inopiam,

302 2065 388 2130 Quem
404 2065 557 2122 inhonestae
572 2063 637 2122 solae
650 2064 704 2120 sint
717 2064 790 2121 tlomi
802 2073 885 2138 etque
898 2063 985 2120 avidae
1001 2063 1063 2133 cibi,

302 2156 359 2218 Quo
375 2164 455 2228 pecto
470 2173 502 2210 ex
513 2155 577 2227 jure
592 2153 720 2211 hesterno
735 2171 834 2229 panem
848 2162 939 2210 etrum
954 2161 1058 2222 vorent,

302 2243 385 2300 Nosse
401 2245 491 2300 omniu
506 2243 564 2300 haec
579 2243 651 2300 salus
665 2251 706 2300 est
719 2242 926 2300 adulescentulis
942 2244 952 2315 (
973 2245 991 2309 ).

281 2442 368 2516 Male
388 2462 528 2537 prorsus
546 2441 650 2539 elegit
670 2442 842 2516 Parmeno
852 2441 1006 2515 riomnm
1022 2463 1041 2514 e
1056 2463 1123 2536 qua
1152 2441 1257 2514 uirtus
1280 2465 1299 2513 e

235 2567 387 2665 turpium
420 2589 555 2640 morum
585 2565 721 2642 fastidio
744 2565 906 2652 oriretur,
939 2587 1004 2640 neo
1034 2565 1179 2640 Choereo
1209 2564 1299 2662 apud

233 2692 414 2783 Thaidem,
433 2715 496 2766 nee
512 2715 573 2766 nos
594 2715 737 2788 usquam
755 2693 788 2764 in
809 2691 1024 2766 Terentinnis
1037 2689 1161 2765 fabulis
1176 2691 1300 2766 loedis-
1335 2684 1341 2699 '

234 2819 338 2892 simos
361 2817 442 2890 istas
471 2816 670 2891 meretrices
695 2815 988 2913 deprehendimus
1008 2840 1095 2913 ques
1118 2826 1297 2892 venustum

236 2952 344 3042 poetee
360 2942 540 3042 ingenium
556 2942 660 3016 semet
674 2951 708 3015 et
723 2940 834 3015 obiter
846 2941 971 3038 attigit,
991 2964 1168 3038 untiquom
1184 2952 1299 3016 eutem

236 3069 345 3142 oeulis
364 3067 534 3166 subjicere
553 3067 725 3140 sustinuit.
739 3069 870 3164 Lepore
885 3076 1018 3156 contro,
1037 3067 1302 3142 mansuetudine

237 3201 272 3268 et
291 3193 443 3268 bonitate
461 3171 599 3268 ornatos
625 3215 660 3267 se
684 3191 855 3290 pleraeque
872 3191 1040 3290 praebent,
1070 3201 1181 3291 atque
1198 3194 1303 3267 etiem

238 3318 360 3395 audire
385 3329 437 3394 est
465 3342 631 3394 unomen
658 3318 724 3393 illis
752 3317 855 3392 huno¹
870 3319 995 3393 mirem
1012 3327 1046 3393 et
1061 3341 1140 3393 vere
1166 3321 1302 3394 unicam

238 3446 375 3521 leudem
396 3444 459 3517 sibi
489 3453 754 3540 proponentem,
778 3452 816 3517 ut
840 3445 1048 3519 meritumet
1074 3467 1217 3520 uxorem
1236 3445 1307 3534 clis-

242 3579 369 3647 treotos
386 3571 419 3642 in
433 3569 610 3666 pristinem
627 3569 849 3645 concordiem
862 3569 1076 3665 redomiti).
1098 3572 1184 3659 Quo
1199 3594 1308 3668 quum

240 3699 287 3773 ite
305 3698 385 3784 sint,
412 3694 527 3771 nescio
546 3719 590 3769 on
615 3696 810 3770 Bossuotius
829 3718 948 3770 eornm
975 3694 1071 3770 dolos
1094 3696 1133 3775 el
1156 3695 1308 3775 fullonius

243 3822 393 3920 majores
406 3820 468 3894 sibi
485 3843 558 3896 esse
572 3819 710 3894 tinxerit
724 3842 830 3918 quem
846 3843 967 3895 revere
981 3821 1118 3917 suntili)
1133 3843 1196 3896 nec
1210 3821 1305 3895 ellin-

275 4043 482 4110 (tinemut.

184 4127 187 4134 '
274 4124 469 4189 liJHec.‚ll,l.
525 4167 527 4172 .

275 4205 306 4266 (3)
325 4225 334 4252 l
347 4206 409 4265 Quid
421 4218 552 4254 memorem
564 4209 590 4254 nt
600 4204 733 4265 Delphinus
743 4205 769 4252 in
780 4205 893 4254 terentio
906 4204 1013 4255 suaviter
1023 4210 1097 4268 elque
1107 4207 1200 4258 utiliter
1216 4209 1311 4268 luserit,

246 4293 385 4350 spirantique
400 4302 425 4337 se
440 4287 577 4336 lucrorum
596 4287 757 4335 humanarum
775 4287 885 4350 exempla
901 4285 1062 4350 praebuerint,
1082 4288 1188 4339 intuenti
1212 4291 1311 4340 salluoes

246 4370 400 4432 voluptatum
425 4381 454 4416 oo
471 4367 670 4417 muliercularum
692 4366 829 4445 illecebras,
852 4367 1088 4419 adolescentulorum
1115 4368 1260 4432 impotentes
1287 4375 1311 4418 et
