3030 5266
633 559 833 620 ,76-

217 694 420 790 loquuntur,
441 697 488 770 ita
503 705 540 770 ut
555 695 645 767 hano
662 692 800 768 laudem
821 692 945 767 merito
967 693 1160 784 obtineant,
1183 717 1293 792 quam

218 841 335 894 servus
352 821 438 894 Geta
456 819 571 894 lenoni
588 827 622 892 et
636 816 804 890 Phaedriae
820 817 1030 914 litigantibus
1050 818 1175 891 tribuit
1199 845 1207 891 :

397 1056 483 1123 Quam
496 1061 638 1128 uterquest
651 1052 748 1108 similis
762 1053 803 1108 sui
817 1053 874 1126 tlt!

218 1271 350 1361 Quibus
380 1270 491 1345 verbis
521 1293 542 1343 a
573 1270 660 1343 Geta
692 1268 821 1343 emissis
854 1269 925 1365 ipse
965 1269 1148 1343 Terentius
1191 1270 1291 1367 quasi

220 1396 282 1468 sibi
326 1395 488 1493 gratulari
526 1393 662 1468 videtur
702 1393 795 1490 quod
835 1401 932 1466 tanta
972 1394 1151 1492 diligentia
1186 1403 1291 1468 natu-

219 1509 350 1595 ramet
380 1532 509 1595 rectam
547 1530 657 1593 artem
695 1519 937 1608 observaverit,
977 1520 1040 1593 bae
1072 1519 1107 1592 in
1147 1543 1185 1594 re
1217 1522 1292 1594 sine

219 1646 325 1720 dubio
358 1646 501 1742 vestigia
524 1653 662 1720 secutus
690 1644 870 1718 Menandri
913 1669 1015 1741 quem
1038 1644 1136 1718 valde
1164 1645 1292 1742 probat

220 1773 452 1860 Quintilianus
483 1802 499 1840 ι(
514 1771 674 1845 omnibus
693 1771 809 1859 rebm,
841 1771 1007 1868 personis,
1031 1769 1216 1844 alleotibns
1239 1793 1293 1845 ao-

220 1897 474 1971 commodatum
490 1895 556 1994 (t).
572 1926 588 1962 »
610 1898 690 1969 Haeo
708 1905 756 1969 est
776 1918 879 1969 eausa
893 1918 955 1968 our
969 1895 1167 1968 Terentiani
1191 1918 1292 1969 ama-

220 2033 323 2113 tores,
354 2024 471 2120 quales
494 2024 538 2096 ab
566 2023 700 2118 incepto
726 2021 963 2118 processerint,
990 2021 1073 2095 tales
1101 2020 1144 2094 ad
1177 2021 1291 2094 imum

220 2156 412 2239 serventur,
438 2156 472 2222 et
498 2148 560 2220 sibi
589 2155 767 2240 constent3
785 2146 870 2219 nihil
892 2168 1013 2219 eorum
1035 2146 1187 2218 sermoni
1208 2147 1292 2219 insit

221 2275 384 2364 otiosum,
418 2274 502 2347 nibil
537 2273 827 2370 intempestivum,
860 2271 945 2344 nibil
984 2272 1167 2361 absonum,
1203 2273 1289 2346 nihil

221 2399 325 2473 etiarn
354 2398 577 2471 immodicum
600 2406 634 2472 et
658 2397 700 2471 ad
723 2397 931 2493 voluptatem
960 2396 1091 2495 ignava
1123 2397 1292 2470 multitu-

222 2524 312 2597 dinis
342 2525 644 2598 accommodatum
666 2526 728 2620 (3).
745 2524 809 2598 Ubi
830 2525 970 2598 Plautus
998 2523 1119 2598 insistit
1150 2532 1185 2596 et
1214 2547 1291 2597 mo-

222 2661 330 2739 ratur,
347 2673 421 2723 rem
436 2651 554 2724 leviter
575 2650 755 2723 Terentius
770 2649 990 2746 praestringit,
1012 2649 1096 2724 etin
1115 2672 1156 2724 eo
1175 2650 1292 2747 potius

253 2893 286 2958 (l)
303 2894 431 2954 Phormio,
448 2895 490 2951 ΙΙΙ,
506 2893 529 2942 T.

251 2972 286 3036 (2)
303 2973 364 3022 lust.
394 2975 470 3032 erut,
493 2975 522 3034 ll,
546 2973 569 3022 l.
592 3000 621 3008 -
648 2974 684 3021 lta
706 2973 775 3021 enirn
800 2973 927 3021 Terentius
950 2975 1111 3021 Menandrum
1131 2974 1243 3022 imitatur
1263 2979 1291 3021 nt

220 3053 294 3101 etiam
320 3068 396 3114 quum
420 3055 450 3101 ab
479 3068 507 3102 eo
536 3055 561 3101 in
583 3055 720 3102 ordinanda
741 3054 824 3101 fabula
848 3053 962 3113 discedit,
986 3055 1037 3116 ejus
1063 3053 1192 3116 ingenium
1219 3069 1291 3102 asse-

220 3138 309 3191 quatur
323 3142 347 3181 et
361 3135 466 3182 colorem
481 3138 568 3182 servet.
586 3134 655 3195 (Vide
668 3134 790 3193 Meinelre,
803 3133 933 3183 Menandri
951 3136 975 3182 ct
995 3134 1145 3183 Philemonis
1166 3133 1289 3198 reliquie..

220 3211 419 3271 notatim-1833.
435 3240 465 3248 -
479 3213 626 3276 Koenighoff,
643 3213 677 3261 lle
691 3214 788 3262 ratione
809 3227 881 3276 quarn
898 3214 1025 3264 Terentius
1046 3215 1073 3262 tn
1086 3212 1176 3276 fabular
1202 3215 1291 3277 proecis

220 3291 297 3341 latine
319 3292 488 3342 convertendis
509 3295 606 3342 secutus
625 3296 662 3342 cst
677 3294 858 3343 commentatio.
875 3295 990 3353 Coloniae,
1006 3293 1086 3356 ists.)
1113 3294 1176 3353 Quid
1191 3295 1224 3343 sit
1237 3295 1291 3344 veri

220 3375 371 3423 simillimum
394 3375 538 3438 diligentius
559 3375 633 3422 etiam
654 3389 727 3436 quam
743 3377 884 3436 Menander,
899 3376 924 3422 in
936 3375 1066 3436 Eunucho,
1080 3389 1167 3424 curare
1180 3376 1289 3435 videtur,

220 3456 321 3504 invento
340 3456 480 3517 Antiphone
494 3456 531 3503 eui
550 3469 619 3503 suam
633 3455 734 3503 nimiam
747 3455 858 3503 laetitiam
876 3457 976 3506 dhaerea
991 3461 1072 3505 narret
1087 3455 1173 3519 (Eum,
1192 3457 1235 3516 ΙΙΙ,
1252 3455 1287 3519 l).

220 3536 287 3584 ddde
318 3538 383 3596 quod
412 3535 437 3582 in
466 3533 602 3597 Adelphis,
634 3549 709 3596 quum
739 3535 867 3583 Terentius
892 3537 1020 3584 Micionem
1049 3536 1157 3584 ostendit
1194 3537 1290 3596 nuptiis

220 3615 330 3664 ridendis
345 3615 518 3678 refragantem,
534 3615 641 3662 Donatus
654 3617 772 3662 annotat:
787 3631 796 3658 u
809 3616 877 3676 dpud
892 3616 1054 3662 Menandrum
1067 3628 1141 3663 senex
1153 3616 1184 3663 de
1195 3615 1290 3677 nuptiis

223 3711 271 3744 non
292 3702 416 3760 gravatur,
438 3709 496 3758 ergo
521 3695 649 3743 Terentius
670 3695 817 3761 Εὑρητικὼς.
836 3712 846 3740 r
863 3696 928 3744 Bone
950 3696 1082 3758 adjecisset
1104 3697 1231 3744 Donatus:
1247 3697 1291 3746 aad

222 3780 333 3834 πιθανῶς.

254 3855 288 3918 (3)
305 3857 364 3904 Vide
378 3854 641 3918 Diderot,Re'tlccions
655 3869 699 3904 sur
714 3853 828 3912 Terence,
842 3861 859 3904 t.
874 3857 915 3905 ΙΙΙ.
930 3855 1008 3916 Paris,
1022 3856 1115 3916 Bribra,
1131 3854 1201 3904 tent.
1211 3883 1242 3891 -
1258 3860 1291 3907 La

222 3937 341 3984 Fontaine
353 3937 407 3984 brec
422 3937 453 3985 de
474 3937 593 3986 Eunucho
614 3936 716 3985 scribit:
734 3954 743 3981 r
766 3938 797 3984 La
818 3936 964 3985 bienseance
984 3941 1008 3984 et
1027 3937 1052 3985 la
1069 3936 1222 3996 mediocrite,
1240 3952 1290 3998 que

223 4016 307 4065 Plaute
324 4016 439 4078 ignorait,
458 4017 491 4078 s’y
506 4020 665 4066 rencontrent
679 4022 783 4079 partout.
800 4019 832 4065 Le
847 4017 952 4078 parasite
967 4018 1005 4078 n'y
1020 4021 1057 4064 est
1071 4016 1140 4079 point
1154 4017 1230 4080 goulu
1246 4033 1291 4079 par

223 4096 278 4146 dela
292 4096 316 4144 la
330 4097 538 4157 vraisemblanee;
561 4098 583 4146 le
606 4098 685 4146 soldat
707 4098 745 4160 n’y
764 4101 802 4146 est
815 4096 884 4158 point
898 4096 1010 4145 lantaron
1022 4096 1120 4159 jusqu’d
1132 4096 1155 4143 la
1169 4097 1239 4155 lolie;
1254 4099 1291 4146 les

222 4176 376 4240 expressions
390 4192 404 4239 y
418 4181 472 4225 sont
485 4192 567 4239 pures,
585 4179 621 4226 les
634 4178 736 4240 penates
750 4178 883 4236 delicates;
902 4180 927 4223 et
943 4190 1003 4237 pour
1018 4176 1112 4224 comble
1126 4176 1156 4224 de
1169 4176 1289 4240 louange,

221 4259 245 4306 la
259 4261 344 4306 nature
357 4273 370 4319 5
386 4256 486 4304 instruit
501 4262 555 4306 tous
570 4250 611 4306 les
620 4271 796 4321 personnages,
812 4262 836 4306 et
849 4271 880 4305 ne
893 4269 999 4316 manque
1011 4255 1100 4317 jamais
1114 4256 1144 4304 de
1160 4255 1214 4304 leur
1225 4269 1291 4321 sug·

222 4340 329 4403 gereres
342 4337 416 4398 qu'its
429 4342 473 4385 ont
484 4339 499 4386 a
511 4338 572 4386 taire
586 4343 611 4387 et
625 4338 709 4387 adire.
722 4356 731 4383 r
746 4337 913 4401 (viduaeque,
922 4335 1117 4403 Avertistcment
1129 4347 1162 4386 aa
1173 4334 1279 4387 lectcur.
