3030 5266
688 583 848 646 ..73-

233 721 354 796 scortis
363 728 496 794 tantum
510 729 734 794 consuescant
744 721 805 814 (l),
814 727 848 792 et
858 715 1299 791 bisadditisconditionibus

234 854 271 920 ut
281 870 334 921 res
344 844 637 943 placidaetotiosa
648 845 703 935 sit,
714 844 793 917 victi
803 843 914 916 bostes
925 843 988 938 (dp
1004 840 1298 937 utbabeantquod

233 971 317 1046 dent
334 971 397 1069 (3),
418 977 605 1044 nectotum
629 970 784 1042 animum
813 991 877 1042 uec
902 976 1010 1041 totam
1040 990 1113 1040 rem
1137 967 1172 1039 iu
1193 966 1298 1041 domo

233 1097 366 1171 lenonis
377 1095 583 1192 relinquant,
599 1095 633 1168 in
645 1118 686 1169 ea
695 1094 845 1191 denique
859 1093 979 1166 ludant
989 1093 1203 1190 aliquantum
1214 1100 1297 1167 tem·

233 1222 339 1318 poris,
364 1230 569 1295 nouantem
600 1219 755 1293 baereant
782 1228 817 1292 et
848 1215 1127 1316 franganturllr).
1158 1218 1298 1291 Plautus

231 1345 305 1419 sine
332 1344 438 1418 dubio
472 1346 581 1418 multa
619 1343 686 1417 lert
717 1353 751 1417 et
782 1342 959 1430 corroedit3
992 1341 1151 1438 quaedam
1180 1350 1297 1415 antem

231 1471 359 1570 ignava
373 1479 406 1545 et
426 1471 542 1566 turpia
559 1492 626 1544 non
651 1491 812 1565 respuere
836 1489 904 1540 non
929 1476 1051 1564 potest,
1079 1476 1115 1540 ut
1132 1467 1190 1564 qui
1210 1467 1297 1539 virili

232 1595 346 1671 indole
360 1594 523 1693 praeditus
533 1595 590 1685 sit,
599 1593 968 1668 scilicetadolescentes
979 1617 1051 1678 sese
1062 1591 1299 1666 meretricibus

231 1721 330 1818 quasi
343 1720 498 1818 predam
514 1720 663 1818 objicere
676 1727 710 1794 et
720 1718 1001 1807 tradere,earum
1014 1717 1162 1806 fastidia,
1177 1726 1298 1791 contu-

232 1847 363 1930 melias,
384 1847 606 1943 rapacitatem
626 1846 709 1941 pati,
728 1853 762 1918 et
779 1844 921 1918 libidine
935 1851 1120 1918 occaecatos
1139 1841 1297 1939 desipere

232 1979 391 2068 elegere.
410 1971 543 2061 Quibus
554 1971 629 2044 baec
643 1978 740 2043 tauta
756 1969 932 2065 turpitudo
949 1968 1129 2065 contingit,
1145 1990 1204 2042 eos
1218 1991 1300 2066 gau-

232 2096 290 2170 det
304 2097 338 2168 iu
360 2119 499 2170 scenam
514 2095 706 2183 traducere,
724 2116 861 2183 vexare,
882 2093 1031 2168 ludibrio
1044 2093 1188 2182 babere,
1218 2092 1300 2166 utile

231 2221 332 2293 simul
353 2243 393 2294 ac
416 2219 574 2295 festivum
595 2219 830 2317 spectantibus
846 2218 1106 2293 documentum.
1128 2217 1300 2290 Suavissi-

232 2368 311 2418 mus
329 2353 363 2420 et
383 2367 472 2419 noxa
489 2368 617 2419 vacuos
630 2344 825 2418 Phaedromi
840 2366 939 2417 amor
965 2366 1028 2417 nec
1048 2342 1129 2415 sinit
1139 2343 1298 2415 Plautum

231 2478 338 2544 totam
367 2471 437 2543 vim
463 2471 591 2568 ingenii
619 2470 671 2543 sui
703 2492 921 2564 expromere,
956 2491 1018 2542 nec
1041 2468 1122 2541 satis
1150 2466 1299 2540 ostendit

230 2618 336 2694 quam
350 2618 517 2693 praeceps,
547 2619 653 2692 quam
672 2596 805 2670 lubrica
826 2597 869 2668 sil
889 2594 1073 2691 voluptatis
1104 2592 1294 2668 insectatio.

229 2719 395 2795 Vitaudos
416 2720 560 2795 infames
575 2722 732 2818 scopulos
749 2721 824 2820 jam
843 2720 1080 2795 vehementius
1095 2730 1128 2793 et
1146 2719 1298 2816 apertius

261 2936 295 3001 (l)
312 2935 437 2997 Curculio,
448 2937 466 2997 1,
475 2936 498 2985 l.
509 2937 561 2986 Non
569 2936 617 2985 alia
626 2941 663 2984 est
672 2934 769 2985 Catonis
780 2937 844 2998 apud
858 2936 984 2984 Horatium
1000 2934 1130 2996 disciplina
1142 2931 1216 2997 (Sat,
1226 2934 1245 2989 l,
1261 2930 1294 2994 Ξ).

262 3015 296 3080 (Ξ)
313 3018 493 3078 Stratippoclis‚
513 3017 583 3079 cujus
604 3019 686 3066 hostes
710 3019 741 3066 ad
761 3031 828 3065 arma
852 3017 1050 3080 transfugerunt,
1074 3016 1175 3078 ignavos
1200 3027 1296 3062 amores

229 3099 328 3146 Plautus
343 3098 436 3156 irridet,
452 3098 537 3146 necin
557 3099 671 3146 hocloco
691 3097 877 3160 Stratippoclem
897 3101 1001 3157 tantum,
1016 3097 1058 3144 sed
1079 3097 1154 3144 etiam
1169 3109 1212 3142 sua
1232 3098 1297 3142 tcm-

228 3191 298 3240 pora,
311 3191 381 3226 suam
396 3182 493 3240 gentem
504 3183 589 3227 notat:

291 3304 408 3352 Erramus.
423 3330 454 3338 —
468 3305 568 3366 Edepol,
583 3304 680 3353 lacinus
694 3303 840 3366 inprobum!

649 3405 781 3452 russeum.
798 3430 829 3439 -
841 3405 872 3451 nt
881 3402 933 3465 jam
947 3406 1020 3450 antea
1034 3403 1076 3449 alii
1088 3402 1200 3450 lecerunt
1213 3400 1292 3459 idem;

352 3479 676 3531 fflffifflmmm
765 3534 767 3538 ,

537 3581 604 3628 Erro.
620 3608 652 3616 —
665 3581 731 3641 Qui?

613 3681 654 3728 Tu.
670 3708 702 3716 —
716 3681 777 3740 Quia
791 3687 863 3730 antea
876 3680 932 3730 aliis
946 3680 1001 3730 tuit.
1018 3678 1111 3743 (Epid,
1127 3680 1147 3738 1,
1162 3679 1197 3742 l.)

255 3806 397 3862 Censorem,
411 3819 485 3866 quam
497 3807 606 3866 Plautus,
620 3808 720 3856 nemine
734 3809 868 3867 nominato,
884 3812 993 3868 exercet,
1008 3809 1103 3857 Nandet
1116 3811 1172 3869 apte
1185 3805 1289 3856 dellnit:

225 3886 350 3945 «Forsan,
371 3899 446 3945 quum
464 3885 595 3950 Epidicum
613 3887 711 3936 Plautus
731 3888 822 3946 docuit,
843 3902 892 3936 non
911 3889 1011 3950 longum
1033 3893 1128 3948 tempus
1142 3890 1194 3936 erat
1209 3892 1291 3936 trans-
1362 3936 1363 3942 ,

221 3966 326 4024 vectum,
339 3979 369 4013 ex
383 3980 432 4026 quo
446 3966 582 4028 legionesa
596 3969 688 4029 campis
703 3968 872 4016 Cannensibus
885 3970 922 4016 vel
934 3969 1042 4027 aliunde,
1056 3967 1176 4016 Annibale
1188 3967 1288 4024 victore,

221 4045 372 4107 refugerant.
388 4047 418 4094 Et
431 4046 502 4094 multi
515 4061 528 4094 e
542 4047 613 4108 plebe
627 4047 717 4095 similia
732 4050 897 4108 querebantur
911 4048 942 4095 iis
957 4060 1012 4108 quae
1025 4047 1115 4095 milites
1130 4061 1211 4095 coram
1227 4048 1289 4095 llar-

221 4126 292 4185 cello,
305 4127 371 4186 apud
385 4127 434 4176 biv.
449 4129 517 4188 llllll,
531 4128 554 4176 6.
568 4129 708 4178 oteramus
722 4128 855 4189 neminem,
871 4132 898 4177 ut
917 4129 1030 4188 Naevius,
1049 4129 1148 4177 nomine
1166 4128 1288 4191 signabat,

220 4204 295 4253 immo
306 4205 435 4268 palliatum
448 4207 580 4270 objiciebat
593 4208 694 4257 derisui.
709 4209 818 4258 Censura
830 4208 867 4257 illi
880 4209 928 4256 luit
942 4209 1053 4270 periculo
1068 4209 1192 4260 immunis.
1211 4227 1221 4254 s

253 4284 287 4349 (3)
309 4285 481 4347 Truculeulus‚
498 4288 556 4348 1,1.

252 4363 287 4429 (d)
305 4365 372 4414 Conl.
392 4368 458 4427 llor.,
475 4366 530 4429 Od„
547 4369 565 4429 l,
582 4368 605 4417 8.
