3030 5266
784 599 824 609 -
844 565 865 626 4
884 599 923 608 ..

319 700 518 789 lescentem,
547 700 580 773 vi
613 697 842 795 cupiditatum
872 699 986 772 subito
1015 698 1325 786 effervescentium,
1351 700 1384 772 in

318 846 510 923 ganeonem
543 832 667 897 mutat.
689 824 894 898 Pistoclerus
910 825 946 896 in
974 824 1196 898 Bacchidibus
1227 825 1387 899 meretri-

318 950 409 1022 ciam
430 949 573 1023 domum
595 949 747 1040 intravit,
764 949 962 1023 Mnesilochi
988 949 1111 1023 sodalis
1129 972 1264 1024 amores
1277 973 1381 1024 cura-

316 1083 428 1164 turus,
450 1097 519 1148 non
531 1097 610 1148 suos
626 1103 633 1144 :
652 1073 742 1148 hanc
753 1074 906 1149 moribus
921 1074 1020 1148 castis
1033 1074 1221 1172 ingressus,
1239 1097 1383 1172 corrup·

315 1198 359 1272 tis
378 1200 516 1296 linquit.
534 1200 654 1274 Nullus
677 1207 794 1273 tamen
822 1201 857 1272 in
877 1200 1099 1274 meretricum
1122 1199 1272 1287 moribus
1290 1224 1385 1297 prae-

212 1426 215 1431 >
317 1324 493 1400 noscendis
518 1325 664 1414 acutior,
695 1324 929 1400 describendis
958 1324 1115 1410 vividior,
1146 1320 1384 1422 ¹vituperandis

315 1450 479 1547 asperior.
515 1453 652 1538 Quanta
688 1450 901 1547 turpitudine
938 1451 1131 1547 palaestram
1162 1450 1256 1522 illam
1288 1459 1384 1524 notat
1456 1491 1460 1497 ·

321 1603 338 1642 u
357 1574 417 1647 ubi
448 1575 593 1666 damnis¹
607 1574 845 1649 desudascitur
861 1575 911 1672 (l)
929 1578 937 1647 l
956 1604 972 1644 »
998 1576 1134 1664 Quanta
1150 1574 1305 1649 irrisione
1324 1575 1382 1649 vi-

315 1723 392 1773 rum
415 1700 569 1800 depingit
590 1701 623 1773 in
646 1701 838 1775 luxuriosos
862 1703 1121 1798 transcriptum,
1148 1700 1263 1774 Martis
1286 1724 1383 1774 arma

313 1826 460 1901 Venerio
477 1834 646 1923 apparatu
669 1831 882 1900 mutantem!
910 1826 1057 1923 Optimae
1081 1825 1222 1922 quidem
1239 1826 1380 1922 sapien-

311 1951 369 2025 tiae
395 1960 568 2049 praecepta
589 1951 623 2024 in
648 1953 816 2025 auxilium
841 1951 983 2048 pudoris
1012 1951 1138 2030 obsessi
1164 1959 1279 2040 vocat3
1315 1951 1381 2027 hoo

312 2086 429 2151 autem
457 2100 566 2151 unum
587 2077 726 2168 omittit,
753 2078 882 2152 scilicet
905 2077 1114 2174 voluptatem
1143 2084 1275 2151 tantum
1297 2075 1380 2175 suga

313 2203 403 2277 vinci
423 2224 536 2300 posse.
556 2205 689 2299 ltaque,
712 2201 794 2288 dum
820 2202 975 2276 censorio
998 2224 1142 2275 munere
1170 2200 1326 2299 iungitur
1347 2211 1380 2276 et

311 2326 521 2402 Bacchidem
532 2325 717 2400 blanditias
731 2327 869 2423 proprio
882 2327 1021 2400 nomine
1038 2325 1197 2399 «viscum
1210 2349 1371 2400 merum»

312 2460 422 2542 vocat,
455 2475 490 2526 se
517 2451 607 2526 visco
636 2451 861 2526 inhaerescere
896 2450 998 2525 sentit
1021 2459 1054 2525 et
1088 2450 1224 2547 cogitur
1257 2452 1378 2524 excla-

312 2601 408 2652 mare
431 2602 439 2649 :

612 2700 702 2758 Perii!
719 2700 848 2757 Harundo
864 2670 1074 2757 alasberberat.

303 2862 307 2867 ’
359 2883 436 2956 Mox
470 2881 574 2980 hujus
595 2884 716 2980 asperi
751 2880 975 2956 adolescentis
1005 2881 1124 2970 virtus,
1153 2880 1377 2955 muliebribus

309 3006 478 3081 illecebris
492 3017 668 3099 enervata,
690 3018 723 3083 et
745 3009 817 3106 jam
843 3008 1035 3105 desperata,
1058 3030 1094 3080 se
1116 3007 1259 3080 omnino
1279 3006 1377 3080 irac-

311 3141 380 3205 tam
396 3155 464 3206 non
483 3133 556 3206 sine
575 3131 901 3228 pudoreconiitetur
923 3157 931 3203 :

382 3338 481 3392 Sumne
498 3343 589 3393 autem
603 3337 683 3392 nihili
699 3337 746 3410 qui
763 3354 898 3411 nequeam
913 3337 1024 3411 ingenio
1038 3338 1176 3394 moderari
1189 3354 1250 3393 meo
1266 3337 1323 3410 (btl

357 3519 444 3591 Tum
462 3527 592 3615 quanta
609 3518 648 3592 lit
662 3528 696 3593 et
710 3542 815 3617 quam
831 3519 943 3593 subita
958 3519 1121 3594 mutatio!
1139 3520 1215 3608 Quo
1228 3521 1372 3615 impetu,

310 3639 414 3718 frenis
438 3643 493 3718 vix
518 3645 670 3737 remotis,
696 3645 730 3717 in
755 3667 859 3719 omne
883 3645 1051 3742 llagitium
1081 3645 1173 3718 ruit!
1198 3646 1286 3718 llale
1311 3645 1398 3731 sibiv

341 3876 376 3940 (l)
393 3877 472 3935 Quum
488 3877 552 3924 idem
567 3879 669 3926 verbum
683 3876 803 3927 domnum
817 3879 915 3928 Plautus
930 3877 1041 3926 inversu
1056 3877 1166 3939 proximo
1179 3883 1294 3939 usurpet:

385 4041 387 4045 ,
440 4019 450 4046 u
470 4002 515 4051 Ubi
529 4016 573 4064 pro
588 4003 657 4051 disco
671 4003 787 4051 damnum
801 4002 905 4064 capiam,
920 4017 963 4066 pro
979 4017 1079 4052 cursura
1093 4003 1203 4052 dedecus
1221 4021 1231 4048 ι

340 4125 415 4173 Rothe
428 4123 489 4187 (rt,
504 4126 593 4186 Berol.‚
611 4124 756 4191 laon-tall)
771 4128 853 4189 potius
873 4142 946 4189 quam
957 4134 1052 4191 poetam
1067 4129 1220 4191 negligentia
1235 4131 1373 4190 peccavisse

307 4206 401 4263 credat,
422 4213 515 4254 rectam
536 4208 666 4256 lectionem
683 4223 738 4256 esse
757 4207 863 4258 dominis
875 4209 901 4257 in
917 4209 998 4272 priore
1011 4224 1083 4258 versu
1100 4207 1200 4271 conjicit
1217 4222 1224 4255 ι
1239 4211 1334 4258 ltitsclrl
1349 4211 1372 4260 ei

307 4285 442 4334 assentitur
456 4291 499 4334 aut
512 4286 618 4348 domnis,
633 4293 675 4336 aut
689 4287 808 4338 damnum
825 4297 967 4352 corruptum
981 4303 1042 4339 esse.

338 4365 372 4429 (a)
388 4366 529 4429 naeuus,
545 4369 565 4430 t,
580 4368 603 4420 r.
