3030 5266
768 596 909 648 ..88-

306 723 466 796 minimas
497 729 610 819 partes
645 721 839 811 obtineant,
889 723 1099 797 l'ereutiana
1138 731 1255 797 huten
1295 733 1372 797 uota

304 848 424 948 signati
457 847 554 921 uobis
582 856 776 921 occurrunt.
809 848 962 922 Alterum
983 847 1016 921 in
1038 848 1254 922 Phormione
1276 853 1371 923 Geta

304 973 453 1048 narratio
467 972 613 1048 ostendit
627 971 788 1070 usquead
801 973 968 1070 lacrymas
983 982 1196 1049 commotum
1210 982 1243 1048 ot
1259 997 1372 1070 nuper

303 1099 383 1173 visa
408 1098 636 1196 pauperrimae
661 1097 800 1196 virginis
827 1099 979 1172 miserias
1000 1098 1111 1171 verbis
1136 1098 1224 1172 adeo
1248 1098 1370 1173 vividis

301 1223 565 1312 describentem,
597 1231 632 1297 ut
670 1220 840 1297 sodalium
872 1246 1012 1297 suorum
1046 1223 1172 1296 animis
1205 1246 1367 1322 maguam

302 1350 554 1425 miserationem
584 1349 712 1447 injiciat
748 1349 812 1439 (ll.
856 1350 962 1439 Alter,
995 1349 1028 1422 iu
1048 1349 1195 1438 Andria,
1230 1350 1368 1424 nomine

302 1473 486 1564 Charinus,
509 1497 588 1548 vero
617 1474 753 1548 candidi
788 1484 822 1550 et
849 1476 931 1548 uasti
964 1474 1085 1559 animi,
1104 1472 1363 1563 Philumenam,

299 1600 486 1698 ingenuam
512 1610 544 1673 et
574 1609 752 1674 verrustam
778 1599 952 1695 puellam,
986 1599 1225 1674 honestissimo
1247 1622 1366 1674 amore

298 1715 531 1813 amplectitur,
551 1715 706 1790 eamdem
728 1715 974 1812 soilioetquam
998 1714 1208 1811 Pamphilus,
1229 1714 1274 1788 ah
1288 1717 1366 1789 Au-

298 1840 418 1938 tiphila
432 1850 561 1938 eaptus,
584 1840 647 1914 sihi
670 1841 806 1915 obtrudi
832 1841 999 1938 quaritur.
1024 1843 1072 1914 lta
1099 1832 1243 1937 pudieus
1260 1862 1364 1916 auras

297 1966 466 2041 Charinus
481 1965 597 2052 hahet,
616 1974 652 2039 ut
668 1988 766 2063 paene
779 1964 896 2040 dolens
915 1966 1060 2039 miretur
1076 1965 1158 2063 quid
1173 1987 1194 2037 a
1212 1987 1249 2039 se
1266 1976 1365 2062 roget

296 2092 496 2190 Pamphilus
527 2093 616 2166 riam
647 2114 788 2167 omnem
816 2113 972 2189 quaereus
1001 2113 1071 2187 qua
1100 2089 1360 2166 matrimonium

296 2219 485 2293 odiosuma
502 2241 537 2292 se
550 2218 714 2316 repellere
728 2219 831 2316 possit
848 2248 856 2291 :

651 2442 822 2497 Puuruurs.
840 2471 872 2482 -
889 2440 1014 2497 Ehodum
1028 2441 1072 2496 dio
1084 2439 1169 2497 mihi:

365 2565 502 2640 Numquid
517 2582 578 2621 nam
592 2565 708 2637 amplius
723 2567 771 2622 tihi
787 2584 848 2622 erran
865 2567 912 2622 illa
923 2565 984 2629 luit,
1001 2565 1135 2621 Charine?

1009 2693 1057 2746 tiu.
1079 2724 1112 2731 -
1133 2691 1173 2746 rllr
1187 2691 1194 2745 !
1208 2690 1361 2765 Pamphile,

363 2781 415 2838 Nil.

340 2955 457 3050 Neque
475 2955 579 3029 etiarn
595 2979 704 3053 quum
718 2977 815 3029 veros
832 2955 1001 3051 Pamphili
1026 2977 1144 3028 seusus
1168 2955 1357 3051 ignoraret,

292 3089 326 3152 ut
341 3088 517 3153 voraretur
533 3103 575 3152 ue
592 3080 646 3154 hio
661 3080 899 3154 Philumenam
920 3080 1074 3169 (luceret,
1100 3079 1258 3176 Byrriam
1279 3101 1358 3152 ser-

293 3226 373 3276 vum
391 3204 597 3278 sustinuerat
611 3204 790 3278 eonsilium
811 3205 950 3278 dantem
967 3206 1058 3301 uliud
1083 3213 1255 3278 aumtnrrs
1281 3204 1355 3276 irati

293 3349 360 3400 uota
377 3328 422 3402 itu
438 3327 659 3404 vehementer
675 3352 836 3425 respuere
852 3330 959 3404 solent
976 3356 983 3402 :

980 3536 1129 3590 tirtamus.
1145 3566 1180 3574 —
1194 3535 1299 3608 Byrria,

362 3623 430 3690 Quid
442 3624 490 3679 tilii
502 3624 611 3680 videtur
619 3626 632 3679 ‘l
644 3625 732 3681 adeuu
743 3625 776 3680 ad
789 3630 874 3680 ouurl

680 3751 795 3806 Bonum.
813 3784 848 3790 -
862 3749 931 3814 Quid
946 3751 997 3806 ui?
1011 3751 1034 3806 si
1047 3749 1085 3805 nil
1099 3750 1232 3824 inpetres,

361 3875 392 3931 tl
406 3884 432 3930 to
445 3875 596 3931 arliitretur
609 3876 660 3932 sibi
674 3882 799 3948 paratum
812 3876 964 3941 muer-hum,
979 3875 1001 3930 si
1013 3875 1089 3930 illam
1098 3874 1217 3930 diruerit.

290 4011 335 4066 ltu.
352 4042 386 4051 —
399 4011 467 4065 :thiu
481 4011 543 4067 hinc
556 4012 582 4065 in
595 4011 693 4065 malam
704 4028 762 4066 rom
774 4027 834 4065 cram
847 4011 1001 4085 suspitione
1014 4011 1090 4076 istac,
1102 4009 1190 4065 scelus
1202 4010 1264 4081 (2ll

320 4226 353 4290 (l)
372 4226 485 4286 Phoron,
494 4229 512 4283 1,
525 4226 569 4275 *Lu
588 4229 750 4290 Apollodorus
765 4233 886 4276 tonsorem
899 4228 977 4290 ipsum
992 4229 1105 4276 nuruium
1117 4228 1184 4287 lauit,
1195 4228 1238 4289 qui
1248 4228 1315 4276 dicat
1327 4242 1353 4274 so

289 4318 366 4369 nuper
378 4306 466 4368 puellm
483 4319 576 4355 comam
591 4308 621 4356 ot
636 4308 728 4356 luc-tum
742 4307 880 4356 abstulisse.
899 4326 909 4352 a
927 4308 1064 4372 (linuatus.)

319 4384 353 4443 til
373 4384 475 4443 Andria,
491 4386 521 4442 ll,
539 4385 558 4433 l.
