3030 5266
601 524 760 588 ..13-

144 654 319 754 deprimit,
341 657 437 731 istius
460 657 610 732 thesauri
634 661 857 757 comparandi
888 684 1004 736 causa.
1030 666 1141 737 Herus
1169 689 1209 740 ac

143 782 226 855 ciris
243 806 284 857 eo
296 783 517 879 turpitudinis
533 784 708 859 descendit
729 794 765 859 ut
785 787 889 860 servis
908 789 1090 884 supplicet,
1107 788 1207 863 blan-

142 907 268 998 utatur,
285 919 319 984 et
336 932 394 984 eos
410 909 647 1006 pulcherrimis
662 911 858 984 norninibus
872 923 1036 989 exornet:

281 1153 376 1209 Gustus
389 1151 476 1220 erilis,
491 1152 573 1209 decus
588 1154 672 1226 popli,
687 1153 851 1210 thensaurus
864 1156 1016 1228 copiarum,

283 1242 361 1298 Salus
372 1242 510 1299 interioris
523 1243 650 1312 bominis,
665 1245 820 1317 amorisque
832 1246 981 1317 inperator.

137 1461 191 1536 Ad
206 1461 395 1537 Leonidam
408 1461 485 1557 illa;
504 1463 578 1535 haec
592 1460 634 1535 ad
648 1462 818 1536 Libanum
838 1488 847 1535 :

279 1705 300 1762 0
315 1705 427 1774 Libane,
444 1706 481 1760 mi
495 1712 617 1778 patrone.

182 1914 252 1986 Nec
290 1912 369 1987 satis
410 1912 513 1987 babet
551 1936 587 1987 se
624 1921 759 1987 tantum
799 1914 951 2009 turpari,
989 1915 1045 1989 sed
1088 1916 1197 2013 ipsam

133 2040 281 2112 amicam
307 2040 358 2112 sui
382 2037 559 2113 dedecoris
580 2039 795 2136 participem,
820 2047 968 2136 egestate
990 2041 1194 2137 imperante,

132 2163 207 2238 lieri
222 2165 314 2249 sinit,
339 2173 443 2261 atque
457 2187 535 2239 eant
557 2164 738 2238 blanditias
753 2173 786 2239 et
806 2166 922 2239 oscula
948 2165 1083 2262 utrique
1100 2189 1197 2241 servo

132 2290 280 2363 vicissim
293 2289 569 2386 largiriprresens
580 2297 613 2364 et
626 2289 743 2364 videus
753 2290 892 2387 patitur.
910 2293 980 2364 Cur
1001 2291 1048 2364 ita
1071 2291 1195 2388 ignaro

131 2414 310 2511 etabjecto
325 2414 531 2489 adolescenti
544 2414 696 2489 Leonida
717 2424 751 2488 et
767 2414 917 2488 Libanus
930 2415 1019 2487 ultra
1030 2423 1195 2512 parcant?

112 2537 306 2635 ,Quidquid
333 2537 539 2634 probrorum
567 2538 754 2611 scurrilitas
785 2538 912 2612 servilis
937 2539 1066 2638 lingere
1098 2549 1132 2614 et
1160 2541 1193 2613 in

132 2662 256 2738 herum
272 2686 459 2762 congerere
478 2672 602 2760 potest,
625 2664 699 2738 beri
714 2665 879 2761 patientia
892 2665 1012 2740 tolerat
1029 2691 1037 2738 :
1056 2667 1197 2740 alterius

131 2812 244 2887 genua
262 2787 376 2878 fricat,
393 2789 540 2863 alterum
560 2790 661 2863 dorso
681 2797 790 2885 gestat
807 2789 969 2886 vehitque
984 2791 1146 2887 taliequo
1162 2801 1196 2864 et

131 2915 178 2986 ita
200 2913 368 2988 tractabili
392 2913 661 3010 superbientem.
694 2915 780 2986 Num
805 2926 905 3011 putas
935 2915 1028 2988 hunc
1052 2938 1193 2989 omnem

104 3040 352 3138 vignominiam
384 3039 607 3113 exhausisse?
641 3039 720 3112 audi
749 3048 863 3112 cetera
897 3048 931 3113 et
969 3038 1192 3114 loedissimam

129 3167 221 3262 pacti
236 3166 482 3254 conditionem,
498 3188 567 3262 qua
588 3171 722 3237 tantum
739 3175 879 3262 accepta
896 3153 1064 3263 exoptata
1090 3167 1194 3240 minae

129 3291 373 3365 concedantur.
387 3292 619 3379 Demenaetus‚
637 3291 817 3388 Argyrippi
833 3300 942 3388 pater,
962 3292 1062 3389 cujus
1090 3293 1193 3366 minae

137 3425 227 3505 suut,
245 3441 313 3492 non
333 3419 431 3492 aliter
450 3442 508 3493 eas
533 3416 602 3491 filio
628 3416 745 3508 donat,
775 3440 879 3513 quam
904 3418 931 3490 si
957 3418 1104 3491 Philenii
1125 3443 1193 3494 uox

129 3554 163 3618 et
177 3562 278 3618 omna
292 3543 355 3616 sibi
374 3543 620 3617 retribuantur.
643 3541 944 3616 Bonusfiliusnou
966 3544 1068 3616 nimis
1082 3545 1190 3640 repeti
1286 3628 1289 3636 ¹

129 3668 1191 3765 protantomunereexistimat,ettamcitoremexpostulatam

129 3796 262 3884 annuit,
294 3804 332 3868 ut
368 3787 556 3868 Leonidam
591 3795 703 3889 ipsum
732 3791 916 3866 attonitum
945 3791 1064 3882 faciat,
1100 3793 1191 3868 inlra

127 3943 262 3994 servum
303 3943 414 4016 nuper
448 3917 595 3993 deformi
629 3917 813 4015 obsequio,
850 3939 942 3990 nunc
974 3918 1189 4014 impudentia

127 4046 313 4121 revolutus
343 4047 394 4118 En
422 4066 490 4142 quo
522 4044 642 4118 recidit
668 4066 766 4118 amor
790 4042 911 4140 viginti
936 4042 1038 4116 minis
1058 4049 1185 4141 egens!

125 4171 222 4261 Quod
251 4194 361 4268 nuper
390 4170 542 4244 Leonida
567 4169 793 4258 exclamabat,
827 4191 933 4264 quum
956 4168 1187 4267 Argyrippum

125 4296 317 4394 adspiceret
351 4297 568 4385 Philenium‚
597 4303 781 4392 autequam
814 4292 1063 4392 digrederetur,
1092 4304 1186 4367 arcte
