3030 5266
696 601 730 607 ..
749 567 783 624 gp
803 600 837 607 .-

234 717 328 767 mare
343 693 454 767 ausim
469 716 589 768 earum
607 694 785 769 illecebras
807 693 1080 768 adolescentibus
1094 695 1121 764 T
1125 694 1297 768 arentium

233 818 423 916 legentibus
445 792 608 917 iriagrium
629 818 790 892 timorem
817 819 982 893 incutere.
1009 816 1119 915 Ipsius
1144 817 1296 916 denique

232 945 362 1022 lenonis
377 945 518 1030 malitia,
535 955 572 1018 ut
591 945 777 1042 parasitum
793 945 902 1019 multo
920 943 1143 1020 urbaniorem
1162 943 1292 1019 lactum

230 1071 505 1168 pretermittam,
529 1070 664 1145 ridetur
701 1071 895 1154 hebescere,
931 1078 964 1144 et
994 1069 1106 1144 nimiis
1140 1071 1292 1168 prolecto

226 1196 427 1270 criminibus
447 1195 585 1270 'Sannio
621 1195 652 1266 iu
683 1195 846 1292 Adelphis
874 1219 909 1270 se
936 1195 1073 1292 premit,
1107 1220 1220 1292 quum
1249 1195 1291 1268 ab

227 1321 373 1397 AEohino
392 1320 592 1396 verberatus
605 1327 638 1395 et
654 1320 772 1394 irrisus
785 1321 954 1395 exclamat
970 1346 977 1392 :

295 1539 366 1594 Leno
381 1556 450 1606 suin,
464 1537 597 1610 pernicies
611 1537 771 1604 counnuuis,
788 1537 883 1605 fatcor,
900 1536 1128 1604 adulescentium,

295 1628 435 1699 perjurae,
449 1627 544 1699 pestis.

222 1816 355 1905 Quibus
382 1817 474 1890 enim
505 1815 615 1890 verbis
638 1814 803 1888 l‘lautiuae
821 1837 990 1910 personae,
1015 1837 1141 1910 nempe
1166 1815 1291 1890 Ballio-

222 1942 285 2027 niS,
303 1942 451 2039 speciem
472 1941 578 2013 multo
595 1939 703 2038 magis
717 1938 936 2035 rel'erttpuam
952 1962 1049 2012 suam
1063 1939 1127 2034 (ll.

269 2066 366 2140 llaud
410 2065 524 2138 rninus
565 2065 796 2138 adolescentes
827 2087 932 2160 quam
972 2073 1095 2138 ceterae
1134 2090 1290 2163 personae

221 2190 521 2265 mansuetudinem
537 2188 664 2281 ingenii
689 2188 885 2263 Terentiani
913 2177 1111 2282 senserunt3
1141 2193 1291 2290 optimos

219 2318 312 2393 enim
323 2317 376 2391 vel
394 2315 543 2388 minimis
553 2314 643 2387 uitiis
655 2321 834 2409 corruptos
842 2336 883 2387 ex
894 2315 1150 2411 exemplaribus
1164 2320 1289 2416 graecis

219 2443 344 2540 elegit,
363 2441 451 2516 lilios
476 2441 602 2514 seilicet
633 2449 769 2535 patrum
802 2462 945 2514 suorum
977 2442 1284 2534 reverentissimos,

220 2567 279 2632 aut
292 2558 318 2629 si
339 2578 444 2652 quam
456 2557 569 2628 rninus
579 2554 673 2651 piam
691 2577 808 2629 vocem
834 2554 1035 2644 emiserunt,
1063 2557 1180 2632 statim
1200 2583 1286 2635 cor-

218 2683 369 2781 rigentes
390 2689 424 2755 et
439 2688 663 2754 extenuantes
683 2679 742 2775 (2),
770 2688 940 2755 amatores
965 2679 1098 2754 blandis
1128 2684 1288 2782 volupta-

219 2808 307 2880 tibus
332 2805 424 2879 haud
446 2804 657 2880 illiberaliter
685 2803 912 2902 indulgentes,
943 2815 1004 2879 aut
1027 2805 1134 2881 bonas
1155 2809 1288 2904 puellas

219 2929 348 3007 t'ervido
365 2939 400 3004 et
414 2953 577 3004 mansuro
596 2952 714 3004 amore
733 2929 1001 3005 circumdantes.
1023 2930 1163 3007 Vividos
1181 2933 1286 3030 juve·

217 3205 295 3240 caecos
322 3191 444 3252 impetus;
474 3187 593 3238 lubricam
612 3192 710 3238 atatem
734 3203 857 3238 servormn
880 3189 1023 3240 ministeriis
1044 3196 1117 3254 atque
1141 3193 1286 3244 adulatione

219 3285 262 3334 per
272 3269 342 3320 devia
353 3269 539 3331 praecipitatam,
551 3273 602 3318 tum
614 3270 665 3318 suis
675 3270 824 3332 exagitatam
834 3271 959 3320 erroribus
970 3275 1043 3333 atque
1053 3273 1180 3323 amoribus
1191 3275 1287 3324 erucia-

218 3355 277 3409 tam,
291 3365 335 3399 nec
347 3349 393 3398 nisi
414 3348 531 3397 miraculo
551 3349 698 3410 expeditam,
711 3349 752 3398 vix
765 3351 863 3398 tandem
883 3351 1105 3413 conquiescentem,
1126 3353 1170 3403 nbi
1183 3356 1215 3404 ad
1229 3357 1287 3406 otn-

218 3431 284 3480 cium
296 3430 407 3479 redierit.
419 3447 428 3474 u
438 3429 483 3492 (lle
496 3428 652 3478 institutione
664 3428 778 3478 ludovici
793 3430 907 3494 Delphini
917 3430 949 3481 od
963 3432 1135 3482 licencentiam
1151 3433 1205 3497 XI.)

250 3511 284 3576 (l)
301 3511 353 3560 lion
373 3514 442 3558 tauta
461 3511 568 3570 prolecto
587 3508 742 3558 vehementia
764 3509 847 3558 Cicero
871 3511 958 3559 lloscio
977 3511 1149 3562 Terentianum
1169 3515 1284 3565 lenonem

219 3592 300 3655 agenti
320 3590 459 3653 plausisset,
481 3595 572 3651 quanta
591 3590 739 3647 Plautinum,
755 3604 800 3639 nec
815 3592 845 3639 de
858 3591 982 3640 Sannione
999 3593 1094 3652 eudem,
1106 3607 1163 3656 qum
1178 3595 1210 3644 de
1224 3595 1285 3645 Bal-

218 3673 293 3730 lione,
309 3671 426 3720 dixisset:
451 3689 460 3713 «
483 3684 586 3731 persona
611 3669 653 3717 illu
678 3671 806 3719 lutulenta.
833 3671 945 3732 impura,
970 3672 1048 3720 invisa
1071 3691 1081 3717 i
1104 3671 1169 3736 (Pro
1196 3674 1285 3728 Roscio

216 3766 289 3810 cona,
306 3751 365 3814 Vll).
380 3752 449 3800 llune
458 3752 548 3807 locum,
560 3751 584 3798 in
600 3764 647 3810 quo
659 3749 806 3799 Sannionem
820 3751 949 3800 :hischinus
961 3753 1077 3803 conviciis
1089 3755 1114 3801 el
1125 3753 1215 3805 ictibus
1224 3770 1285 3805 one·

218 3838 265 3891 rat,
280 3847 294 3880 u
304 3831 412 3894 Diphilo,
422 3835 448 3879 ut
459 3844 533 3892 supra
544 3829 661 3888 diximus,
677 3830 804 3878 Terentius
814 3833 845 3878 ad
855 3832 957 3880 verbum
973 3832 1105 3881 transtulit.
1122 3833 1193 3883 llntle
1205 3835 1284 3886 Ballio

218 3917 327 3974 sumptus
348 3912 389 3970 sit,
404 3911 523 3960 incertum
536 3915 582 3969 est,
598 3912 640 3959 sed
658 3924 712 3958 eum
730 3914 797 3959 tanta
812 3912 948 3960 acerbitate
966 3911 1064 3962 Plautus
1081 3913 1203 3978 depingit,
1220 3917 1284 3966 adeo

217 3991 309 4041 crebris
323 3990 480 4040 contumeliis
494 3989 586 4048 obruit,
603 3994 632 4038 ut
648 3989 730 4037 minus
744 3990 825 4038 alienu
842 3991 943 4054 vestigia
955 4005 1066 4055 premere
1086 4007 1159 4053 qnam
1174 4009 1219 4044 suo
1237 3995 1284 4045 im-

216 4075 274 4133 petu
284 4071 346 4133 rapi,
359 4077 385 4118 et
394 4084 488 4134 graecos
501 4083 574 4130 quam
586 4083 699 4118 romanos
713 4083 793 4118 mores
805 4070 922 4120 insectari
935 4072 1055 4121 videatur.

248 4149 280 4214 (h)
298 4150 338 4200 Sic
353 4151 378 4199 in
393 4148 510 4214 Adelphis
523 4150 635 4213 Ctesipho
650 4165 693 4199 suo
707 4151 770 4214 patri
784 4151 847 4200 nralc
861 4157 989 4215 premitur:

340 4266 409 4330 Quod
423 4280 479 4317 euin
493 4266 573 4316 solute
587 4267 640 4330 ejus
653 4268 706 4330 lint,
721 4268 755 4317 ita
769 4283 796 4317 se
808 4270 950 4333 defetigarit
962 4270 1044 4330 velim,

339 4351 369 4398 Ut
382 4348 462 4396 triduo
478 4348 523 4402 hoc
537 4352 655 4410 perpetuo
669 4362 781 4410 prorsum
796 4363 809 4398 e
823 4350 887 4400 lecto
901 4356 1006 4413 nequeat
1020 4365 1129 4416 surpere.
1148 4353 1198 4418 (tv,
1214 4357 1251 4422 l.)
