3030 5266
674 557 883 631 -tl-,

222 692 402 783 illiberale,
432 694 605 791 petulanS,
633 692 859 792 flagitiosum,
897 697 1104 788 obscenum;
1140 701 1288 776 alterum

221 818 378 916 elegans,
419 818 610 906 urbanum,
646 819 881 916 ingeniosum,
913 821 1063 897 facetum
1081 823 1129 921 (t)
1147 854 1183 914 »,
1206 848 1289 902 saue

221 943 380 1019 crederes
411 943 445 1016 in
476 944 616 1032 Plauto,
644 967 749 1041 quem
777 946 925 1043 exempli
954 948 1065 1044 gratia
1098 968 1286 1045 memorat,

223 1068 369 1142 alterum
384 1090 492 1166 genus
507 1067 661 1158 laudare,
688 1069 836 1145 alterum
856 1070 1124 1167 reprehendere.
1147 1072 1288 1150 Minime

224 1192 379 1291 quidem.
399 1193 514 1266 Unum
532 1202 663 1284 autem,
681 1217 806 1292 nempe
821 1196 956 1286 melius,
981 1196 1101 1272 Plauto
1118 1199 1287 1284 attribuit,

225 1326 259 1393 et
284 1318 496 1392 Sarsinatem
524 1326 660 1414 poetam
685 1319 807 1394 eadem
829 1322 930 1397 venia
953 1321 1059 1396 donat
1077 1346 1147 1420 qna
1167 1325 1290 1398 veteris

224 1466 348 1542 graecae
363 1443 542 1517 comoediae
557 1445 750 1541 scriptores.
774 1445 862 1534 Quid
878 1451 985 1521 vero‘l
1010 1448 1192 1545 scriptores
1207 1472 1291 1524 eos-

225 1568 319 1660 dem,
350 1591 439 1666 quos
462 1570 605 1642 Plautus
631 1568 664 1642 in
692 1570 758 1644 hoc
796 1570 948 1667 prolecto
979 1574 1187 1664 emulatur,
1219 1575 1291 1671 ipse

225 1695 454 1782 Quintilianus
470 1693 651 1769 confirmat
678 1697 732 1770 vel
751 1696 785 1769 in
808 1696 920 1770 verbis
942 1719 1066 1792 parum
1090 1696 1293 1773 verecundis

226 1843 316 1917 saepe
334 1819 467 1894 laudari
485 1822 548 1916 (Ξ).
566 1821 664 1895 Unde
680 1821 850 1919 conjicere
865 1823 944 1896 licet
957 1824 1107 1896 Plautini
1125 1822 1294 1897 sermonis

226 1947 465 2044 petulantiam,
486 1947 633 2043 antiquae
647 1946 827 2020 comoedia
847 1947 1043 2043 propiorem
1061 1970 1166 2045 qnam
1179 1971 1290 2037 novae,

229 2095 328 2169 paene
342 2071 510 2146 universis
525 2073 775 2169 spectatoribus
790 2080 923 2171 gratam
943 2073 1143 2147 occurrisse.

278 2198 594 2286 miseramente
612 2221 653 2271 ea
665 2197 807 2293 quidem
820 2197 1038 2289 laudabilior,
1052 2220 1122 2295 qua
1135 2199 1294 2273 Plautum

229 2325 272 2399 ad
299 2346 435 2398 amores
459 2331 639 2420 corruptos
664 2321 882 2421 effingendos
916 2323 1105 2420 impulsum
1122 2346 1195 2399 esse
1217 2348 1294 2399 ore-

230 2438 389 2525 diderim.
423 2449 601 2546 Ingenium
631 2449 724 2546 ejus,
769 2449 924 2546 quamvis
951 2448 1038 2522 adeo
1063 2448 1211 2525 flexibile
1251 2451 1294 2525 sit

231 2582 270 2648 ut
288 2573 430 2648 affectus
450 2574 503 2648 vel
522 2573 738 2647 suavissimos
762 2572 907 2648 reddere
927 2581 1045 2671 queat,
1063 2573 1111 2647 ita
1126 2583 1241 2649 tamen
1260 2575 1296 2648 in

230 2700 350 2797 primis
363 2700 574 2774 concitatum
593 2707 626 2774 et
648 2700 844 2783 aculeatum
861 2707 985 2773 natura
999 2699 1154 2798 genitum
1174 2709 1237 2792 est,
1260 2710 1299 2775 ut

231 2825 276 2899 ad
290 2825 430 2899 satiram
444 2825 623 2915 inclinare,
640 2832 674 2898 et
687 2825 721 2896 in
737 2825 827 2896 vitiis
838 2847 949 2922 quum
967 2824 1202 2921 inspiciendis,
1221 2833 1296 2899 tum

232 2952 404 3037 notandis,
429 2949 616 3048 plurimum
639 2950 754 3024 valere
783 2948 868 3021 mihi
895 2947 1067 3022 videatur.
1086 2947 1170 3023 lnde
1196 2948 1235 3023 bt
1260 2959 1298 3024 ut

232 3077 395 3176 pessimas
409 3099 586 3174 personas,
606 3076 772 3172 parasitos
794 3096 921 3170 nempe
937 3072 1169 3164 edacissimos,
1189 3098 1299 3152 mere-

234 3203 334 3278 trices
356 3203 601 3300 impurissimas
628 3209 661 3277 et
683 3201 840 3298 pecunia
862 3200 1087 3294 avidissimas,
1115 3224 1230 3277 servos
1264 3203 1298 3275 iu

235 3329 330 3404 omni
368 3329 499 3426 flagitio
531 3328 734 3404 exercitatos
765 3326 925 3402 libentius
960 3324 1121 3415 inducat,
1153 3350 1299 3424 quarum

234 3453 484 3551 turpitudinem
510 3462 681 3528 ostentare
713 3452 876 3525 simulet
907 3473 1049 3548 carpere
1081 3452 1195 3550 gestit.
1229 3454 1300 3528 Neo

234 3587 369 3653 tantum
388 3579 422 3650 iu
440 3579 502 3652 isto
526 3600 751 3674 personarum
775 3599 915 3675 genere,
942 3576 1000 3650 sed
1022 3584 1057 3650 et
1079 3576 1115 3649 in
1144 3577 1303 3673 ingenuis

235 3705 317 3780 vitia
344 3704 559 3802 potissimum
584 3704 734 3798 altingit.
761 3703 948 3792 Matronas,
978 3702 1005 3774 si
1030 3725 1156 3799 paucas
1175 3703 1303 3800 excipis

235 3829 324 3902 mira
353 3835 528 3902 venustate
562 3826 781 3923 ornataslssl,
813 3827 932 3898 durius
962 3833 1095 3914 tractat,
1128 3833 1162 3899 et
1191 3826 1225 3898 in
1254 3827 1303 3900 eis

238 3954 336 4044 nihil,
355 3961 480 4050 praeter
501 3952 719 4049 pudicitiam,
746 3952 888 4024 illaesum
913 3951 1095 4046 relinquit3
1120 3974 1183 4025 nee
1211 3952 1305 4025 enim

271 4193 304 4258 (l)
322 4194 357 4243 De
371 4194 470 4258 officiis,
487 4196 505 4256 l,
521 4193 560 4243 29.

272 4273 305 4338 (2)
325 4274 452 4324 Institutio
467 4276 586 4334 oratoria,
603 4278 631 4335 ll,
648 4275 670 4324 l.

271 4354 305 4418 (3)
322 4356 381 4404 Vide
394 4357 501 4417 Benoist,
517 4356 552 4405 De
562 4356 675 4421 personis
689 4355 851 4407 muliebribus
866 4356 931 4421 apud
946 4355 1076 4408 Plautum.
1092 4357 1217 4416 Massilia,
1233 4355 1304 4406 1862.
