3030 5266
670 509 826 571 -lo-

217 659 278 740 ost,
297 649 496 739 vitianda,
519 657 622 745 atque
644 645 749 720 eliam
767 644 872 732 dolet,
900 643 958 718 sed
987 624 1128 734 cursim,
1158 652 1199 718 ut
1225 645 1291 742 qui

217 775 340 848 sentiat
356 797 392 848 se
408 773 556 847 dolendo
573 771 657 846 nihil
675 768 913 868 profecturum
930 792 1001 844 esse
1021 798 1030 839 z
1135 855 1137 858 y
1201 836 1206 846 .

288 967 373 1023 Meast
384 976 491 1042 potens,
506 984 616 1042 procax,
630 965 783 1038 magnilica,
799 953 972 1038 sumptuosa
984 963 1083 1020 nobilis
1096 966 1146 1035 (l).

219 1137 339 1211 Cliniae
362 1138 415 1210 sui
442 1137 544 1211 amici
570 1136 727 1211 meliores
755 1157 890 1211 amores
911 1135 1044 1223 laudat,
1069 1135 1140 1231 ipse
1166 1143 1293 1208 autern

220 1262 406 1337 deteriores
425 1261 593 1358 sequitur,
612 1260 726 1333 multis
743 1259 914 1334 illecebris
934 1257 1115 1333 delibutos
1136 1259 1295 1333 Facilio-

220 1410 295 1492 rem
328 1396 361 1461 et
397 1386 458 1460 sihi
484 1386 587 1459 nimis
613 1385 847 1484 indulgentem
877 1393 1036 1458 naturam
1065 1385 1296 1459 commendat

222 1511 344 1584 saltem
364 1519 511 1585 venusta
525 1519 559 1584 et
578 1510 691 1606 lepida
713 1510 921 1608 ingenuitas,
938 1510 1008 1584 sive
1027 1508 1154 1584 latetur
1171 1510 1296 1584 miuus

223 1636 314 1733 apud
322 1659 358 1710 se
370 1637 484 1710 valere
493 1637 600 1732 patris
609 1657 714 1732 quam
729 1635 850 1708 amicae
861 1634 1057 1724 verba‚sive
1068 1644 1183 1732 patres
1195 1637 1297 1710 velut

110 1781 112 1786 ·
224 1762 357 1859 iniquos
371 1762 406 1833 in
422 1783 543 1835 omnes
553 1759 784 1835 adolescentes
792 1759 927 1858 judices
941 1761 1136 1857 increpans,
1149 1762 1298 1835 orituris

223 1909 265 1961 ex
280 1909 316 1961 se
326 1885 448 1960 filiisse
463 1885 700 1983 benigniorem
717 1885 874 1960 lulurum
887 1908 960 1960 esse
972 1887 1154 1982 promittit.
1172 1889 1298 1962 lucer-

225 2022 300 2086 tum
320 2019 370 2087 est
390 2019 505 2085 utrum
525 2017 559 2087 et
581 2011 652 2108 ipse
669 2011 750 2085 olim
768 2020 866 2108 peter
879 2020 1172 2107 pateruossensus
1185 2013 1299 2087 indu-

224 2147 323 2213 turus
341 2138 384 2211 sit
403 2160 525 2227 necne,
549 2136 609 2211 sed
629 2159 722 2210 nuno
745 2136 943 2211 adolescens
965 2137 1235 2212 adolescentium
1256 2149 1298 2213 ut

227 2259 1299 2360 mores,sicorationemhahet‚hocipsonatnraepropiorquam

225 2387 374 2462 Plautini
391 2402 562 2461 amatores
576 2387 744 2482 sapientia
758 2386 854 2460 senili
869 2409 931 2459 sua
948 2388 1116 2484 juvenilia
1138 2387 1300 2465 facinora

227 2513 471 2608 vituperantes.
493 2511 614 2586 Vivida
629 2510 783 2607 quidem,
802 2499 870 2584 non
889 2521 1007 2587 autem
1019 2512 1199 2605 effrenata,
1224 2538 1300 2611 qua

228 2646 378 2726 tenetur,
408 2636 591 2733 cupiditas
625 2636 765 2733 pudoris
793 2660 907 2711 moras
938 2639 1044 2713 novit.
1080 2640 1166 2737 Syro
1198 2641 1299 2715 enim

228 2783 327 2837 servo
338 2762 859 2860 nuntianteBacchidem,quasi
872 2763 1112 2838 Cliniaeamica
1121 2766 1301 2862 sit‚ipsius

229 2887 422 2964 Chremetis
446 2886 590 2961 domum
611 2888 756 2986 Jamjam
787 2889 993 2963 intraturam
1011 2913 1085 2964 esse
1110 2913 1180 2987 quo
1205 2889 1301 2965 laci-

230 3015 295 3087 lius
310 3021 466 3087 amantes
485 3036 548 3086 suo
562 3012 678 3087 animo
694 3035 828 3088 morem
849 3023 984 3112 gerant,
1007 3015 1161 3113 primum
1182 3026 1302 3114 stupet

231 3149 264 3214 et
295 3138 507 3236 indignatur,
543 3137 668 3213 deinde
699 3139 789 3213 inter
816 3139 985 3236 pudorem
1016 3150 1230 3216 commotum
1262 3152 1301 3218 et

231 3262 436 3338 calefactum
456 3285 610 3338 amorem
636 3264 784 3360 jactatus
811 3264 924 3339 nescio
943 3287 986 3338 an
1006 3266 1145 3342 cederet
1171 3269 1299 3358 amori,

233 3389 297 3462 nisi
320 3388 441 3463 Cliniae
467 3398 501 3462 et
524 3389 600 3487 Syri
618 3389 766 3463 consiliis
785 3397 979 3488 urgeretur,
1006 3399 1039 3466 et
1063 3392 1136 3490 ipse
1159 3393 1303 3468 timeret

233 3537 276 3589 ne
288 3513 500 3610 voluptatem
514 3512 557 3588 ad
573 3537 717 3587 manum
731 3523 889 3612 paratam
902 3517 1021 3612 procul
1034 3539 1055 3590 a
1069 3540 1105 3592 se
1121 3518 1155 3590 in
1174 3541 1303 3614 perpe·
1339 3532 1343 3539 ’

232 3652 331 3714 tuum
361 3647 548 3713 amoveret.
583 3639 710 3737 Syrum
740 3639 961 3716 simulantem
990 3665 1026 3717 se
1059 3642 1167 3733 abire,
1200 3645 1303 3740 qnasi

232 3762 440 3838 Bacchidem
472 3763 677 3838 remissurus
711 3764 767 3853 sit,
799 3763 987 3841 identidem
1017 3776 1167 3856 revocat,
1203 3776 1237 3842 et
1266 3770 1302 3842 vi

232 3887 431 3984 cupiditatis
447 3889 589 3963 tandem
604 3889 723 3980 vietus,
747 3890 917 3965 exclamat
933 3916 942 3964 ε

305 4063 339 4121 Et
353 4081 397 4120 me
412 4073 439 4122 et
453 4082 544 4122 meum
560 4083 681 4123 amorem
694 4075 721 4124 et
732 4067 834 4125 lamam
846 4069 974 4143 permitto
986 4068 1037 4125 tihi
1050 4069 1101 4142 (ἓ).

267 4236 301 4300 (1)
318 4235 417 4296 Heaut,
434 4237 466 4296 ll,
483 4237 504 4286 l.

266 4315 301 4380 (ἓ)
319 4317 417 4375 Heaut,
434 4318 464 4376 ll,
481 4318 502 4365 ft.
