3030 5266
672 587 832 650 ,γο-

266 735 405 810 Utinam
416 734 551 823 saltem,
566 755 675 831 quum
687 733 736 806 ita
747 732 894 823 luderet,
907 733 1003 830 jocos
1013 739 1150 806 tantum
1161 732 1287 806 intem-

217 862 365 959 pestivos
382 859 571 948 effudisset,
588 882 652 934 nec
666 867 843 956 protervos
861 868 895 933 et
908 857 1090 932 obscenost
1111 859 1185 930 Hoc
1206 879 1286 932 vero

213 985 354 1085 jocandi
372 1007 493 1084 genus
520 1008 627 1083 quum
649 1008 751 1058 suum
772 984 835 1080 ipsi
857 984 1051 1082 ingenium,
1080 1005 1143 1056 sua
1165 981 1287 1056 intima

216 1110 381 1201 conditio,
400 1118 434 1184 et
449 1109 585 1184 assidua
603 1131 681 1183 cum
704 1109 882 1205 plebecula
907 1106 1122 1182 corrsuetudo
1146 1106 1286 1181 uberius

217 1235 486 1333 suppeditarent,
506 1257 616 1333 quum
639 1235 772 1334 majore
797 1235 867 1307 risu
891 1235 1013 1331 vulgus
1034 1232 1225 1329 exciperet,
1254 1241 1286 1306 et

217 1361 281 1458 ipsi
308 1369 482 1436 senatores
507 1361 707 1458 equitesque
735 1382 805 1434 non
830 1381 950 1433 omnes
969 1369 1188 1454 respuerant,
1217 1379 1285 1432 nou

217 1487 328 1584 potuit
342 1487 484 1560 Plautus
499 1508 569 1560 uon
581 1484 712 1559 affatim
734 1484 909 1559 adbibere.
930 1483 1099 1558 Pseudola'
1111 1482 1282 1573 fabulam,

216 1613 313 1687 istius
346 1612 437 1687 modi
464 1611 591 1685 salibus
607 1609 874 1701 redundantem,
899 1612 945 1684 M.
970 1610 1100 1684 Tullius
1123 1633 1286 1685 comme-

217 1747 342 1828 morat,
359 1744 395 1811 ut
415 1760 483 1834 qua
502 1738 624 1811 merito
641 1736 808 1835 gauderet
824 1736 936 1810 Plauti
949 1743 1105 1810 senectus
1121 1735 1187 1833 (l).
1219 1736 1285 1810 Oa-

217 1863 486 1953 siua,Pseudolo
499 1863 565 1936 hac
577 1864 612 1935 in
627 1885 665 1939 re
682 1885 752 1936 nou
770 1863 895 1959 impar,
912 1864 1191 1959 quamprimum
1212 1873 1286 1936 acta

219 1997 284 2078 est,
305 2011 424 2063 omnes
439 1987 572 2061 fabulas
593 1987 686 2075 vicit,
704 1995 750 2078 et,
770 1988 858 2061 sicut
872 1988 1006 2076 vinum,
1026 1988 1136 2086 magis
1146 2011 1189 2062 ac
1209 2011 1287 2060 ma·

219 2116 271 2213 gis
285 2112 495 2189 senescendo
510 2113 651 2209 placuit.
673 2115 800 2186 Parum
823 2112 918 2187 abest
937 2120 973 2186 nt
984 2113 1126 2185 Plautus
1143 2113 1178 2185 in
1196 2114 1287 2209 Cup-

219 2241 295 2312 ttois
314 2239 468 2312 tabulam
490 2238 739 2336 spectatoribus
760 2246 900 2312 excuset
918 2238 1013 2312 omni
1034 2237 1285 2335 subegitatione

219 2387 378 2453 vacuam,
418 2386 482 2438 nec
514 2371 628 2460 sperat
666 2364 832 2439 nimirum
872 2361 1011 2439 crebros
1049 2363 1191 2460 plausus
1223 2364 1285 2436 sibi

219 2491 340 2565 datum
377 2489 433 2577 iri,
466 2512 576 2587 quum
609 2489 774 2585 plaudere
805 2489 907 2589 jubet
936 2511 994 2565 eos
1024 2498 1162 2563 tantum
1191 2519 1207 2556 u
1228 2489 1286 2586 qui

220 2614 394 2712 pudicitiae
408 2617 591 2710 praemium
611 2637 683 2688 esse
701 2614 855 2690 velint».

269 2741 392 2816 Paucis
434 2739 527 2815 enim
565 2739 690 2836 pudico
731 2740 873 2837 ingenio
911 2739 1063 2838 praeditis
1104 2739 1288 2837 placebant

221 2890 357 2942 amores
379 2873 523 2940 venusta
552 2862 760 2940 verecundia
791 2866 991 2962 temperati3
1026 2865 1139 2964 maJ‘or
1170 2874 1285 2940 autem

220 2991 448 3089 spectantium
483 3012 647 3064 numerus
684 3013 705 3062 a
746 2989 879 3064 comico
916 2991 1083 3092 scriptore
1125 2990 1287 3087 poscebat

220 3117 380 3201 lascivos,
414 3114 581 3205 audaces,
620 3114 746 3187 salibus
785 3115 942 3190 obscenis
980 3114 1123 3203 feraces,
1164 3115 1287 3214 quibus

222 3241 376 3315 bumana
393 3239 542 3336 pravitas
570 3238 761 3314 delectatur
785 3249 820 3314 et
851 3240 1005 3316 hilaritas
1033 3241 1185 3316 maxima
1211 3265 1286 3317 mo-

221 3377 340 3456 vetur;
362 3365 415 3440 vel
443 3365 534 3439 inter
554 3365 702 3460 optimos
728 3367 896 3463 quosdam
920 3367 1085 3443 exstitisse
1113 3367 1288 3442 existima-

220 3493 342 3582 verim,
360 3492 419 3589 qui
440 3513 578 3565 morum
597 3490 738 3588 quidem
762 3491 950 3566 faeditatem
975 3503 1191 3590 respuerent,
1219 3518 1287 3570 ser-

220 3618 333 3693 monis
367 3625 484 3692 autem
513 3625 710 3713 protervam
745 3617 964 3715 elegantiam,
999 3628 1033 3694 et
1065 3621 1286 3716 purissimam

220 3742 456 3839 impuritatem
472 3741 682 3816 mirarentur
694 3765 736 3815 ac
752 3743 951 3838 probarent.
967 3745 1197 3842 Temporibus
1209 3769 1286 3820 ma-

219 3868 271 3967 gis
297 3868 454 3957 excultis,
476 3867 589 3941 virum
622 3867 840 3941 urbanissimi
874 3869 1016 3968 ingenii,
1041 3871 1084 3945 lt.
1115 3870 1284 3964 Tullium,

219 3991 347 4089 duplex
359 3992 498 4090 jocandi
526 4014 636 4090 gentas
652 4004 813 4088 accurate
836 3992 1115 4091 distinguentem,
1139 4019 1286 4070 aunum

218 4216 280 4266 tidio
295 4215 397 4278 rejicere
408 4214 513 4276 videtur,
528 4228 573 4264 nec
586 4213 645 4263 satis
657 4219 726 4264 curat
739 4218 769 4264 ab
784 4216 913 4265 inurbanis
926 4216 1020 4278 lepidos
1035 4230 1167 4280 seponere,
1188 4218 1246 4284 (Ep.
1255 4220 1288 4271 ud

218 4297 329 4356 Pisonen,
343 4313 367 4345 v.
381 4295 428 4344 270
442 4302 467 4344 ct
482 4297 546 4358 sqq.)

248 4376 283 4441 (l)
300 4377 352 4427 Cic.
370 4375 430 4430 eat.
446 4375 476 4426 de
488 4379 622 4438 senectute,
637 4378 676 4438 1v‚
690 4377 729 4430 lt.
