3030 5266
578 575 736 638 ..43-

124 713 253 810 pulsus
285 733 501 809 quaecunque
532 719 630 809 pater
660 711 894 809 imperaturus
931 712 974 785 sit
1006 735 1042 788 sc
1075 712 1191 788 factu-

125 861 205 911 rum
227 860 385 912 essenon
407 839 487 910 satis
506 845 628 911 cautus
642 835 839 934 profitetur3
865 847 961 934 petre
984 823 1191 915 vcro'statim

124 986 266 1038 uxorem
301 963 495 1037 ducendam
535 963 742 1060 imperante,
782 963 948 1037 reclamat
984 986 1054 1038 uno
1087 965 1192 1039 verbo

124 1089 320 1163 adolescens
343 1089 440 1186 quasi
464 1111 603 1187 poenam
619 1088 785 1163 leviorem
808 1090 1067 1185 exspectaverit,
1088 1100 1193 1188 atque

125 1217 251 1289 animo·
266 1215 321 1289 vix
343 1238 362 1289 e
384 1214 505 1290 mediis
528 1213 761 1312 voluptatibus
786 1215 902 1311 elapso
916 1222 950 1289 et
967 1215 1082 1289 adhuc
1101 1216 1192 1292 male

125 1342 313 1439 composito
337 1363 479 1441 gravem
503 1340 735 1415 conditionem
761 1338 975 1415 reformidet.
1002 1344 1189 1415 Venustom

124 1475 158 1542 et
184 1466 330 1542 facetum
361 1467 541 1566 ingenium
567 1467 620 1541 vel
643 1466 848 1541 emendatus
874 1465 1025 1563 Clitipho
1049 1467 1188 1558 retinet,

124 1617 188 1667 nec
220 1617 344 1691 parum
369 1593 490 1690 lepidis
515 1593 629 1668 verbis
652 1616 687 1666 se
706 1593 794 1689 patri
820 1592 1138 1690 obtemperaturum
1157 1602 1192 1667 et

124 1743 267 1794 uxorem
300 1719 486 1794 ducturum
523 1743 596 1794 esse
625 1719 763 1794 tandem
795 1719 978 1815 pollicetur
1011 1742 1092 1793 cnm
1125 1720 1191 1794 hac

123 1846 325 1942 exceptione
354 1867 398 1919 ne
426 1871 442 1910 «
470 1843 547 1919 rufa
570 1845 631 1928 sit,
660 1844 778 1933 caesia,
802 1868 919 1941 sparso
949 1868 1028 1935 ore,
1053 1846 1191 1920 adunco

124 1993 207 2044 naso
226 1999 242 2037 »
259 1970 319 2066 (l).

172 2094 344 2191 Adelphos
370 2094 583 2168 lascivientes
605 2117 686 2169 vere
714 2095 938 2168 Terentianus
963 2094 1194 2169 adolescentes

123 2221 203 2294 item
221 2220 414 2318 agnoveris.
436 2220 532 2294 Alter
550 2218 690 2293 nomine
716 2219 890 2316 Ctesipho,
913 2243 933 2292 a
948 2227 1044 2315 patre
1061 2221 1192 2317 parcis-

124 2346 210 2420 simo
230 2354 265 2419 et
278 2346 462 2419 durissimo
483 2346 554 2418 ruri
570 2345 728 2434 eductus
745 2344 878 2418 tristem
890 2344 1104 2442 disciplinam
1123 2344 1193 2418 fur-

126 2472 185 2544 tim
208 2471 460 2567 transgreditur
482 2479 516 2544 et
541 2470 720 2566 psaltriam
750 2493 877 2567 cupere
906 2471 1027 2558 audet;
1056 2471 1193 2567 quantis

124 2605 241 2672 autem
258 2597 349 2671 curis
369 2596 529 2670 turbatur
546 2619 588 2670 ne
603 2597 762 2670 resciscat
779 2604 876 2692 pater
895 2619 999 2693 quam
1012 2606 1194 2693 protervus

75 2722 77 2726 ’
124 2724 183 2796 sit!
202 2725 310 2821 Negat
322 2723 401 2797 leno
415 2722 593 2820 psaltriam
608 2722 719 2819 inopi;
735 2745 802 2796 non
817 2721 883 2796 hoc
893 2723 1033 2819 quidem
1050 2745 1190 2813 novum,

126 2849 296 2946 multique
324 2848 380 2920 alii
410 2856 594 2936 amatores,
613 2848 648 2919 in
671 2847 809 2921 casdem
838 2847 1009 2944 angustias
1037 2848 1190 2937 adducti,

125 2975 275 3071 plurima
288 2973 446 3047 conando
466 2973 607 3046 tandem
631 2995 693 3046 suo
708 2981 787 3046 voto
803 2972 900 3069 potiti
921 2980 1013 3046 sunt.
1031 2973 1193 3070 Ctesipho

126 3101 290 3191 timidior,
317 3108 412 3174 metu
439 3099 546 3196 patris
573 3099 675 3171 simul
698 3122 739 3172 ac
758 3099 883 3173 misoro
914 3121 1031 3173 amoro
1059 3099 1193 3196 impul-

126 3250 195 3315 sus,
211 3226 368 3300 exsilium
387 3225 586 3314 meditatur,
613 3247 677 3299 noc
694 3224 781 3298 sicut
803 3225 835 3297 in
856 3227 1048 3300 Mercatore
1066 3225 1193 3300 Chari-

127 3376 191 3425 nus
205 3375 239 3424 se
247 3351 395 3449 jamjam
406 3351 640 3448 protecturum
651 3373 723 3425 esse
733 3350 791 3424 diu
803 3351 956 3425 clamitat
964 3353 1057 3439 ;imo
1070 3374 1193 3450 parum
1232 3447 1234 3451 ἢ

127 3476 238 3551 abluit
257 3476 341 3572 quin
373 3477 444 3573 ipse
471 3476 579 3550 frater
594 3475 779 3550 AEschinus
798 3483 871 3549 tam
890 3500 992 3575 grave
1013 3477 1192 3550 consilinm

128 3603 316 3702 ignoraret,
332 3609 366 3675 ot
383 3597 497 3699 egenti
512 3602 617 3677 serius
632 3602 799 3675 auxilium
817 3602 967 3677 afferret.
984 3603 1076 3693 Quid
1089 3603 1194 3701 igitur

129 3726 371 3823 Ctesiphonem
389 3724 564 3822 prohibuit
593 3727 779 3824 quominus
804 3726 886 3801 huic
909 3728 1051 3803 minime
1068 3751 1191 3803 censo·

128 3852 215 3923 riam
231 3853 435 3949 gravitatem
452 3850 623 3947 profitenti
641 3875 721 3926 suos
738 3876 858 3926 sensus
876 3853 1046 3949 aperiret?
1068 3877 1191 3952 nempe

128 3977 241 4072 pudor
263 3978 325 4073 (n).
479 3991 483 3996 ⁸
925 3954 928 3959 ’

178 4103 287 4175 Tanta
325 4104 490 4177 timiditas
521 4126 590 4177 non
629 4103 793 4200 ignavum
835 4104 1013 4202 ingenium
1053 4106 1189 4204 arguit,

158 4294 192 4358 (1)
208 4295 309 4357 Henna,
325 4299 353 4358 V,
368 4299 384 4347 5

158 4374 194 4439 (2)
210 4375 270 4440 Ad„
286 4377 319 4439 ll,
332 4375 357 4426 d.
